
<marc:record><marc:leader>02529nam a2200421 c 4500</marc:leader>
<marc:controlfield tag="001">756548519</marc:controlfield>
<marc:controlfield tag="003">DE-601</marc:controlfield><marc:controlfield tag="005">20141204111637.0</marc:controlfield><marc:controlfield tag="008">130807s2013    xxu           000 0 eng d</marc:controlfield><marc:datafield tag="010" ind1=" " ind2=" "><marc:subfield code="a">  2013030613</marc:subfield></marc:datafield><marc:datafield tag="020" ind1=" " ind2=" "><marc:subfield code="a">159327520X (paperback)</marc:subfield><marc:subfield code="c">USD 24.95</marc:subfield><marc:subfield code="9">1-59327-520-X</marc:subfield></marc:datafield><marc:datafield tag="020" ind1=" " ind2=" "><marc:subfield code="a">9781593275204 (paperback)</marc:subfield><marc:subfield code="c">USD 24.95</marc:subfield><marc:subfield code="9">978-1-59327-520-4</marc:subfield></marc:datafield><marc:datafield tag="035" ind1=" " ind2=" "><marc:subfield code="a">(DE-599)GBV756548519</marc:subfield></marc:datafield><marc:datafield tag="040" ind1=" " ind2=" "><marc:subfield code="a">GBVCP</marc:subfield><marc:subfield code="b">ger</marc:subfield><marc:subfield code="c">GBVCP</marc:subfield><marc:subfield code="e">rakwb</marc:subfield></marc:datafield><marc:datafield tag="041" ind1="0" ind2=" "><marc:subfield code="a">eng</marc:subfield></marc:datafield><marc:datafield tag="050" ind1=" " ind2="0"><marc:subfield code="a">QA76.73.P22</marc:subfield></marc:datafield><marc:datafield tag="082" ind1="0" ind2="0"><marc:subfield code="a">005.13/3</marc:subfield></marc:datafield><marc:datafield tag="082" ind1="0" ind2="9"><marc:subfield code="a">COM051350</marc:subfield><marc:subfield code="a">COM000000</marc:subfield><marc:subfield code="a">COM051000</marc:subfield><marc:subfield code="a">COM088000</marc:subfield></marc:datafield><marc:datafield tag="084" ind1=" " ind2=" "><marc:subfield code="a">54.53</marc:subfield><marc:subfield code="9">Programmiersprachen</marc:subfield><marc:subfield code="2">bcl</marc:subfield></marc:datafield><marc:datafield tag="084" ind1=" " ind2=" "><marc:subfield code="a">ST 250</marc:subfield><marc:subfield code="2">rvk</marc:subfield></marc:datafield><marc:datafield tag="100" ind1="1" ind2=" "><marc:subfield code="a">Krumins, Peteris</marc:subfield></marc:datafield><marc:datafield tag="245" ind1="1" ind2="0"><marc:subfield code="a">Perl one-liners</marc:subfield><marc:subfield code="b">130 programs that get things done</marc:subfield><marc:subfield code="c">by Peteris Krumins</marc:subfield></marc:datafield><marc:datafield tag="260" ind1="3" ind2=" "><marc:subfield code="a">San Francisco, Calif.</marc:subfield><marc:subfield code="b">No Starch Press</marc:subfield><marc:subfield code="c">2013</marc:subfield></marc:datafield><marc:datafield tag="300" ind1=" " ind2=" "><marc:subfield code="a">XV, 146 S.</marc:subfield><marc:subfield code="b">Ill.</marc:subfield></marc:datafield><marc:datafield tag="505" ind1="0" ind2=" "><marc:subfield code="a">Introduction to Perl One-LinersSpacing -- Numbering -- Calculations -- Working with Arrays and Strings -- Text Conversion and Substitution -- Selectively Printing and Deleting Lines -- Useful Regular Expressions -- perl1line.txt -- A. Perl's Special Variables -- B. Using Perl One-Liners on Windows..</marc:subfield></marc:datafield><marc:datafield tag="520" ind1=" " ind2=" "><marc:subfield code="a">&quot;Perl one-liners are small and awesome Perl programs that fit in one line of code and do one thing really well. Perl One-Liners showcases 130 short and compelling lines of code that do all sorts of handy, geeky things like numbering lines in a file; generating random passwords; encoding, decoding, and converting strings; calculating factorials; even checking to see if a number is prime with a regular expression. Author Peteris Krumins' dissections of each bit of code will help you gain a deeper understanding of the Perl language, and these Perl one-liners are sure to save you time and sharpen your sleight of hand&quot;--</marc:subfield></marc:datafield><marc:datafield tag="520" ind1=" " ind2=" "><marc:subfield code="a">&quot;Snappy Perl programs to streamline tasks and sharpen coding skills&quot;--</marc:subfield></marc:datafield><marc:datafield tag="650" ind1=" " ind2="0"><marc:subfield code="a">Perl (Computer program language)</marc:subfield></marc:datafield><marc:datafield tag="650" ind1=" " ind2="7"><marc:subfield code="0">(DE-601)123519713</marc:subfield><marc:subfield code="0">(DE-588)4307836-9</marc:subfield><marc:subfield code="a">Perl</marc:subfield><marc:subfield code="9">g:Programmiersprache</marc:subfield><marc:subfield code="2">gbv</marc:subfield></marc:datafield><marc:datafield tag="653" ind1=" " ind2="0"><marc:subfield code="a">COMPUTERS</marc:subfield><marc:subfield code="a">General</marc:subfield></marc:datafield><marc:datafield tag="653" ind1=" " ind2="0"><marc:subfield code="a">COMPUTERS</marc:subfield><marc:subfield code="a">Programming</marc:subfield><marc:subfield code="a">General</marc:subfield></marc:datafield><marc:datafield tag="653" ind1=" " ind2="0"><marc:subfield code="a">COMPUTERS</marc:subfield><marc:subfield code="a">Programming Languages</marc:subfield><marc:subfield code="a">Perl</marc:subfield></marc:datafield><marc:datafield tag="653" ind1=" " ind2="0"><marc:subfield code="a">COMPUTERS</marc:subfield><marc:subfield code="a">System Administration</marc:subfield><marc:subfield code="a">General</marc:subfield></marc:datafield><marc:datafield tag="653" ind1=" " ind2="0"><marc:subfield code="a">Perl (Computer program language)</marc:subfield></marc:datafield><marc:datafield tag="653" ind1=" " ind2="0"><marc:subfield code="a">Perl (Computer program language)</marc:subfield></marc:datafield><marc:datafield tag="856" ind1="4" ind2="2"><marc:subfield code="y">Inhaltsverzeichnis</marc:subfield><marc:subfield code="u">http://www.gbv.de/dms/tib-ub-hannover/756548519.pdf</marc:subfield><marc:subfield code="m">V:DE-601;DE-89</marc:subfield><marc:subfield code="3">Inhaltsverzeichnis</marc:subfield></marc:datafield><marc:datafield tag="900" ind1=" " ind2=" "><marc:subfield code="a">GBV</marc:subfield><marc:subfield code="b">TIB/UB Hannover &lt;89&gt;</marc:subfield><marc:subfield code="d">T 14 B 563</marc:subfield><marc:subfield code="x">L</marc:subfield><marc:subfield code="z">LC</marc:subfield></marc:datafield><marc:datafield tag="954" ind1=" " ind2=" "><marc:subfield code="a">70</marc:subfield><marc:subfield code="b">1421786036</marc:subfield><marc:subfield code="c">01</marc:subfield><marc:subfield code="d">T 14 B 563</marc:subfield><marc:subfield code="e">u</marc:subfield><marc:subfield code="x">0089</marc:subfield></marc:datafield></marc:record>