
<marc:record><marc:leader>02823nam a2200625 c 4500</marc:leader>
<marc:controlfield tag="001">669488224</marc:controlfield>
<marc:controlfield tag="003">DE-601</marc:controlfield><marc:controlfield tag="005">20140718153507.0</marc:controlfield><marc:controlfield tag="008">111008s2011    cc            000 0 eng d</marc:controlfield><marc:datafield tag="010" ind1=" " ind2=" "><marc:subfield code="a">  2012392268</marc:subfield></marc:datafield><marc:datafield tag="020" ind1=" " ind2=" "><marc:subfield code="a">0596004923 (pbk.)</marc:subfield><marc:subfield code="c">£38.50, $ 54.99, EUR 49.00</marc:subfield><marc:subfield code="9">0-596-00492-3</marc:subfield></marc:datafield><marc:datafield tag="020" ind1=" " ind2=" "><marc:subfield code="a">9780596004927 (pbk.)</marc:subfield><marc:subfield code="c">£38.50, $ 54.99, EUR 49.00</marc:subfield><marc:subfield code="9">978-0-596-00492-7</marc:subfield></marc:datafield><marc:datafield tag="024" ind1="8" ind2=" "><marc:subfield code="a">HBZTHT016975376</marc:subfield></marc:datafield><marc:datafield tag="035" ind1=" " ind2=" "><marc:subfield code="a">(OCoLC)838869417</marc:subfield></marc:datafield><marc:datafield tag="035" ind1=" " ind2=" "><marc:subfield code="a">(DE-605)HT016975376</marc:subfield></marc:datafield><marc:datafield tag="035" ind1=" " ind2=" "><marc:subfield code="a">(DE-599)HBZHT016975376</marc:subfield></marc:datafield><marc:datafield tag="040" ind1=" " ind2=" "><marc:subfield code="a">GBVCP</marc:subfield><marc:subfield code="b">ger</marc:subfield><marc:subfield code="c">GBVCP</marc:subfield><marc:subfield code="e">rakwb</marc:subfield></marc:datafield><marc:datafield tag="041" ind1="0" ind2=" "><marc:subfield code="a">eng</marc:subfield></marc:datafield><marc:datafield tag="044" ind1=" " ind2=" "><marc:subfield code="a">cc</marc:subfield><marc:subfield code="a">xxu</marc:subfield><marc:subfield code="a">xxk</marc:subfield></marc:datafield><marc:datafield tag="050" ind1=" " ind2="0"><marc:subfield code="a">QA76.73.P22</marc:subfield></marc:datafield><marc:datafield tag="082" ind1="0" ind2="0"><marc:subfield code="a">005.13/3</marc:subfield></marc:datafield><marc:datafield tag="082" ind1="0" ind2="0"><marc:subfield code="a">004</marc:subfield></marc:datafield><marc:datafield tag="082" ind1="0" ind2="9"><marc:subfield code="a">004</marc:subfield></marc:datafield><marc:datafield tag="084" ind1=" " ind2=" "><marc:subfield code="a">54.53</marc:subfield><marc:subfield code="9">Programmiersprachen</marc:subfield><marc:subfield code="2">bcl</marc:subfield></marc:datafield><marc:datafield tag="084" ind1=" " ind2=" "><marc:subfield code="a">54.65</marc:subfield><marc:subfield code="9">Webentwicklung</marc:subfield><marc:subfield code="2">bcl</marc:subfield></marc:datafield><marc:datafield tag="084" ind1=" " ind2=" "><marc:subfield code="a">ST 250</marc:subfield><marc:subfield code="2">rvk</marc:subfield></marc:datafield><marc:datafield tag="100" ind1="1" ind2=" "><marc:subfield code="a">Christiansen, Tom</marc:subfield><marc:subfield code="0">(DE-601)607405503</marc:subfield><marc:subfield code="0">(DE-588)138936943</marc:subfield></marc:datafield><marc:datafield tag="245" ind1="1" ind2="0"><marc:subfield code="a">Programming Perl</marc:subfield><marc:subfield code="b">[unmatched power for text processing and scripting ; covers version 5.14]</marc:subfield><marc:subfield code="c">Tom Christiansen; brian d foy &amp; Larry Wall. With Jon Orwant</marc:subfield></marc:datafield><marc:datafield tag="246" ind1="3" ind2=" "><marc:subfield code="a">Perl</marc:subfield></marc:datafield><marc:datafield tag="250" ind1=" " ind2=" "><marc:subfield code="a">4th ed.</marc:subfield></marc:datafield><marc:datafield tag="260" ind1="3" ind2=" "><marc:subfield code="a">Beijing [u.a.]</marc:subfield><marc:subfield code="b">O'Reilly</marc:subfield><marc:subfield code="c">c 2012</marc:subfield></marc:datafield><marc:datafield tag="300" ind1=" " ind2=" "><marc:subfield code="a">XLII, 1130 S.</marc:subfield><marc:subfield code="b">graph. Darst.</marc:subfield><marc:subfield code="c">24 cm</marc:subfield></marc:datafield><marc:datafield tag="500" ind1=" " ind2=" "><marc:subfield code="a">Hier auch später erschienene, unveränderte Nachdrucke</marc:subfield></marc:datafield><marc:datafield tag="650" ind1=" " ind2="7"><marc:subfield code="0">(DE-601)123519713</marc:subfield><marc:subfield code="0">(DE-588)4307836-9</marc:subfield><marc:subfield code="a">Perl</marc:subfield><marc:subfield code="9">g:Programmiersprache</marc:subfield><marc:subfield code="2">gnd</marc:subfield></marc:datafield><marc:datafield tag="650" ind1=" " ind2="0"><marc:subfield code="a">Perl (Computer program language)</marc:subfield></marc:datafield><marc:datafield tag="653" ind1=" " ind2="0"><marc:subfield code="a">Perl (Computer program language)</marc:subfield></marc:datafield><marc:datafield tag="653" ind1=" " ind2="0"><marc:subfield code="a">Programming (Electronic computers)</marc:subfield></marc:datafield><marc:datafield tag="689" ind1="0" ind2="0"><marc:subfield code="0">(DE-601)123519713</marc:subfield><marc:subfield code="0">(DE-588)4307836-9</marc:subfield><marc:subfield code="a">Perl</marc:subfield><marc:subfield code="9">g:Programmiersprache</marc:subfield></marc:datafield><marc:datafield tag="700" ind1="1" ind2=" "><marc:subfield code="a">Foy, Brian D.</marc:subfield><marc:subfield code="e">Author</marc:subfield><marc:subfield code="4">aut</marc:subfield><marc:subfield code="0">(DE-601)662289951</marc:subfield><marc:subfield code="0">(DE-588)130469386</marc:subfield></marc:datafield><marc:datafield tag="700" ind1="1" ind2=" "><marc:subfield code="a">Wall, Larry</marc:subfield><marc:subfield code="e">Author</marc:subfield><marc:subfield code="4">aut</marc:subfield><marc:subfield code="0">(DE-601)607405554</marc:subfield><marc:subfield code="0">(DE-588)138937079</marc:subfield></marc:datafield><marc:datafield tag="700" ind1="1" ind2=" "><marc:subfield code="a">Orwant, Jon</marc:subfield><marc:subfield code="0">(DE-601)698241711</marc:subfield><marc:subfield code="0">(DE-588)173324649</marc:subfield></marc:datafield><marc:datafield tag="856" ind1="4" ind2="2"><marc:subfield code="y">Inhaltsverzeichnis</marc:subfield><marc:subfield code="u">http://www.gbv.de/dms/tib-ub-hannover/669488224.pdf</marc:subfield><marc:subfield code="m">V:DE-601;DE-89</marc:subfield><marc:subfield code="3">Inhaltsverzeichnis</marc:subfield></marc:datafield><marc:datafield tag="900" ind1=" " ind2=" "><marc:subfield code="a">GBV</marc:subfield><marc:subfield code="b">SUB+Uni Hamburg &lt;18&gt;</marc:subfield><marc:subfield code="d">!18/228! P CHR 49281</marc:subfield><marc:subfield code="x">N</marc:subfield><marc:subfield code="z">N</marc:subfield></marc:datafield><marc:datafield tag="900" ind1=" " ind2=" "><marc:subfield code="a">GBV</marc:subfield><marc:subfield code="b">TUB Hamburg &lt;830&gt;</marc:subfield><marc:subfield code="d">!TI! TII-904</marc:subfield><marc:subfield code="d">2845-8618</marc:subfield></marc:datafield><marc:datafield tag="900" ind1=" " ind2=" "><marc:subfield code="a">GBV</marc:subfield><marc:subfield code="b">UB Kiel &lt;8&gt;</marc:subfield><marc:subfield code="d">!8/55! 425.16 | CHR | Pro</marc:subfield><marc:subfield code="x">N</marc:subfield><marc:subfield code="z">N</marc:subfield></marc:datafield><marc:datafield tag="900" ind1=" " ind2=" "><marc:subfield code="a">GBV</marc:subfield><marc:subfield code="b">UB Greifswald &lt;9&gt;</marc:subfield><marc:subfield code="d">!UB 660! 660/ST 250 W187 P9(4)</marc:subfield><marc:subfield code="x">L</marc:subfield><marc:subfield code="z">LC</marc:subfield><marc:subfield code="f">Third release 2013</marc:subfield></marc:datafield><marc:datafield tag="900" ind1=" " ind2=" "><marc:subfield code="a">GBV</marc:subfield><marc:subfield code="b">TIB/UB Hannover &lt;89&gt;</marc:subfield><marc:subfield code="d">T 12 B 3379</marc:subfield><marc:subfield code="x">L</marc:subfield><marc:subfield code="z">LC</marc:subfield><marc:subfield code="f">Nachdruck February 2012</marc:subfield></marc:datafield><marc:datafield tag="900" ind1=" " ind2=" "><marc:subfield code="a">GBV</marc:subfield><marc:subfield code="b">HCU Hamburg &lt;1373&gt;</marc:subfield><marc:subfield code="d">!DA31! 2012-1074</marc:subfield><marc:subfield code="x">N</marc:subfield><marc:subfield code="z">N</marc:subfield></marc:datafield><marc:datafield tag="951" ind1=" " ind2=" "><marc:subfield code="a">ST 250</marc:subfield><marc:subfield code="2">69</marc:subfield></marc:datafield><marc:datafield tag="954" ind1=" " ind2=" "><marc:subfield code="a">22</marc:subfield><marc:subfield code="b">1301588318</marc:subfield><marc:subfield code="c">01</marc:subfield><marc:subfield code="f">18/228</marc:subfield><marc:subfield code="d">P CHR 49281</marc:subfield><marc:subfield code="e">c</marc:subfield><marc:subfield code="x">0018</marc:subfield></marc:datafield><marc:datafield tag="954" ind1=" " ind2=" "><marc:subfield code="a">23</marc:subfield><marc:subfield code="b">1481175874</marc:subfield><marc:subfield code="c">01</marc:subfield><marc:subfield code="f">TI</marc:subfield><marc:subfield code="d">TII-904</marc:subfield><marc:subfield code="d">2845-8618</marc:subfield><marc:subfield code="x">0830</marc:subfield></marc:datafield><marc:datafield tag="954" ind1=" " ind2=" "><marc:subfield code="a">24</marc:subfield><marc:subfield code="b">1271639912</marc:subfield><marc:subfield code="c">01</marc:subfield><marc:subfield code="f">8/55</marc:subfield><marc:subfield code="d">425.16 | CHR | Pro</marc:subfield><marc:subfield code="e">i</marc:subfield><marc:subfield code="x">0008</marc:subfield></marc:datafield><marc:datafield tag="954" ind1=" " ind2=" "><marc:subfield code="a">69</marc:subfield><marc:subfield code="b">1466520116</marc:subfield><marc:subfield code="c">01</marc:subfield><marc:subfield code="f">UB 660</marc:subfield><marc:subfield code="d">660/ST 250 W187 P9(4)</marc:subfield><marc:subfield code="e">u</marc:subfield><marc:subfield code="k">Third release 2013</marc:subfield><marc:subfield code="x">0009</marc:subfield></marc:datafield><marc:datafield tag="954" ind1=" " ind2=" "><marc:subfield code="a">70</marc:subfield><marc:subfield code="b">1281333883</marc:subfield><marc:subfield code="c">01</marc:subfield><marc:subfield code="d">T 12 B 3379</marc:subfield><marc:subfield code="e">u</marc:subfield><marc:subfield code="k">Nachdruck February 2012</marc:subfield><marc:subfield code="x">0089</marc:subfield></marc:datafield><marc:datafield tag="954" ind1=" " ind2=" "><marc:subfield code="a">370</marc:subfield><marc:subfield code="b">1291466193</marc:subfield><marc:subfield code="c">01</marc:subfield><marc:subfield code="f">DA31</marc:subfield><marc:subfield code="d">2012-1074</marc:subfield><marc:subfield code="e">i</marc:subfield><marc:subfield code="x">4370</marc:subfield></marc:datafield></marc:record>