
<marc:record><marc:leader>07292nmm a2200637 c 4500</marc:leader>
<marc:controlfield tag="001">667165401</marc:controlfield>
<marc:controlfield tag="003">DE-601</marc:controlfield><marc:controlfield tag="005">20140512155917.0</marc:controlfield><marc:controlfield tag="007">cr uuu---uuuuu</marc:controlfield><marc:controlfield tag="008">110827s2011    xxu           000 0 eng d</marc:controlfield><marc:datafield tag="020" ind1=" " ind2=" "><marc:subfield code="a">9781449303587</marc:subfield><marc:subfield code="9">978-1-4493-0358-7</marc:subfield></marc:datafield><marc:datafield tag="024" ind1="8" ind2=" "><marc:subfield code="a">BVBTBV039538137</marc:subfield></marc:datafield><marc:datafield tag="035" ind1=" " ind2=" "><marc:subfield code="a">(DE-604)BV039538137</marc:subfield></marc:datafield><marc:datafield tag="035" ind1=" " ind2=" "><marc:subfield code="a">EBL741251</marc:subfield></marc:datafield><marc:datafield tag="035" ind1=" " ind2=" "><marc:subfield code="a">(OCoLC)747558526</marc:subfield></marc:datafield><marc:datafield tag="035" ind1=" " ind2=" "><marc:subfield code="a">(OCoLC)ocn747558526 </marc:subfield></marc:datafield><marc:datafield tag="035" ind1=" " ind2=" "><marc:subfield code="a">(DE-599)BVBBV039538137</marc:subfield></marc:datafield><marc:datafield tag="040" ind1=" " ind2=" "><marc:subfield code="a">GBVCP</marc:subfield><marc:subfield code="b">ger</marc:subfield><marc:subfield code="c">GBVCP</marc:subfield><marc:subfield code="e">rakwb</marc:subfield></marc:datafield><marc:datafield tag="041" ind1="0" ind2=" "><marc:subfield code="a">eng</marc:subfield></marc:datafield><marc:datafield tag="050" ind1=" " ind2="0"><marc:subfield code="a">QA76.73.P22 S37 2011</marc:subfield></marc:datafield><marc:datafield tag="082" ind1="0" ind2="0"><marc:subfield code="a">005.71262</marc:subfield></marc:datafield><marc:datafield tag="084" ind1=" " ind2=" "><marc:subfield code="a">ST 250</marc:subfield><marc:subfield code="2">rvk</marc:subfield></marc:datafield><marc:datafield tag="100" ind1="1" ind2=" "><marc:subfield code="a">Schwartz, Randal L.</marc:subfield><marc:subfield code="0">(DE-601)080606733</marc:subfield><marc:subfield code="0">(DE-588)120327996</marc:subfield></marc:datafield><marc:datafield tag="245" ind1="1" ind2="0"><marc:subfield code="a">Learning Perl</marc:subfield><marc:subfield code="h">Elektronische Ressource</marc:subfield><marc:subfield code="c">Randal L. Schwartz; Tom Phoenix and Brian D. Foy</marc:subfield></marc:datafield><marc:datafield tag="250" ind1=" " ind2=" "><marc:subfield code="a">6. ed.</marc:subfield></marc:datafield><marc:datafield tag="260" ind1="3" ind2=" "><marc:subfield code="a">Beijing [u.a.]</marc:subfield><marc:subfield code="b">O'Reilly</marc:subfield><marc:subfield code="c">2011</marc:subfield></marc:datafield><marc:datafield tag="300" ind1=" " ind2=" "><marc:subfield code="a">Online-Ressource (388 p.)</marc:subfield></marc:datafield><marc:datafield tag="500" ind1=" " ind2=" "><marc:subfield code="a">Description based upon print version of record</marc:subfield></marc:datafield><marc:datafield tag="505" ind1="0" ind2=" "><marc:subfield code="a">Table of Contents; Preface; Typographical Conventions; Code Examples; Safari® Books Online; How to Contact Us; History of This Book; Changes from the Previous Edition; Acknowledgments; From Randal; From Tom; From brian; From All of Us; Chapter 1. Introduction; Questions and Answers; Is This the Right Book for You?; Why Are There So Many Footnotes?; What About the Exercises and Their Answers?; What Do Those Numbers Mean at the Start of the Exercise?; What If I'm a Perl Course Instructor?; What Does &quot;Perl&quot; Stand For?; Why Did Larry Create Perl?; Why Didn't Larry Just Use Some Other Language?.</marc:subfield></marc:datafield><marc:datafield tag="505" ind1="0" ind2=" "><marc:subfield code="a">Is Perl Easy or Hard?How Did Perl Get to Be So Popular?; What's Happening with Perl Now?; What's Perl Really Good For?; What Is Perl Not Good For?; How Can I Get Perl?; What Is CPAN?; How Can I Get Support for Perl?; Are There Any Other Kinds of Support?; What If I Find a Bug in Perl?; How Do I Make a Perl Program?; A Simple Program; What's Inside That Program?; How Do I Compile My Perl Program?; A Whirlwind Tour of Perl; Exercises; Chapter 2. Scalar Data; Numbers; All Numbers Have the Same Format Internally; Floating-Point Literals; Integer Literals; Nondecimal Integer Literals.</marc:subfield></marc:datafield><marc:datafield tag="505" ind1="0" ind2=" "><marc:subfield code="a">Numeric OperatorsStrings; Single-Quoted String Literals; Double-Quoted String Literals; String Operators; Automatic Conversion Between Numbers and Strings; Perl's Built-in Warnings; Scalar Variables; Choosing Good Variable Names; Scalar Assignment; Binary Assignment Operators; Output with print; Interpolation of Scalar Variables into Strings; Creating Characters by Code Point; Operator Precedence and Associativity; Comparison Operators; The if Control Structure; Boolean Values; Getting User Input; The chomp Operator; The while Control Structure; The undef Value; The defined Function.</marc:subfield></marc:datafield><marc:datafield tag="505" ind1="0" ind2=" "><marc:subfield code="a">ExercisesChapter 3. Lists and Arrays; Accessing Elements of an Array; Special Array Indices; List Literals; The qw Shortcut; List Assignment; The pop and push Operators; The shift and unshift Operators; The splice Operator; Interpolating Arrays into Strings; The foreach Control Structure; Perl's Favorite Default: _; The reverse Operator; The sort Operator; The each Operator; Scalar and List Context; Using List-Producing Expressions in Scalar Context; Using Scalar-Producing Expressions in List Context; Forcing Scalar Context;  in List Context; Exercises; Chapter 4. Subroutines.</marc:subfield></marc:datafield><marc:datafield tag="505" ind1="0" ind2=" "><marc:subfield code="a">Bad Filehandles.</marc:subfield></marc:datafield><marc:datafield tag="505" ind1="0" ind2=" "><marc:subfield code="a">Defining a SubroutineInvoking a Subroutine; Return Values; Arguments; Private Variables in Subroutines; Variable-Length Parameter Lists; A Better &amp;max Routine; Empty Parameter Lists; Notes on Lexical (my) Variables; The use strict Pragma; The return Operator; Omitting the Ampersand; Non-Scalar Return Values; Persistent, Private Variables; Exercises; Chapter 5. Input and Output; Input from Standard Input; Input from the Diamond Operator; The Invocation Arguments; Output to Standard Output; Formatted Output with printf; Arrays and printf; Filehandles; Opening a Filehandle; Binmoding Filehandles.</marc:subfield></marc:datafield><marc:datafield tag="520" ind1=" " ind2=" "><marc:subfield code="a"> If you're just getting started with Perl, this is the book you want-whether you're a programmer, system administrator, or web hacker. Nicknamed &quot;the Llama&quot; by two generations of users, this bestseller closely follows the popular introductory Perl course taught by the authors since 1991. This 6th edition covers recent changes to the language up to version 5.14.  Perl is suitable for almost any task on almost any platform, from short fixes to complete web applications. Learning Perl teaches you the basics and shows you how to write programs up to 128 lines long-roughly the size of 90% of the Pe</marc:subfield></marc:datafield><marc:datafield tag="533" ind1=" " ind2=" "><marc:subfield code="a">Online-Ausg.</marc:subfield></marc:datafield><marc:datafield tag="650" ind1=" " ind2="7"><marc:subfield code="0">(DE-601)123519713</marc:subfield><marc:subfield code="0">(DE-588)4307836-9</marc:subfield><marc:subfield code="a">Perl</marc:subfield><marc:subfield code="9">g:Programmiersprache</marc:subfield><marc:subfield code="2">gbv</marc:subfield></marc:datafield><marc:datafield tag="653" ind1=" " ind2="0"><marc:subfield code="a">Perl (Computer program language)</marc:subfield></marc:datafield><marc:datafield tag="655" ind1=" " ind2="0"><marc:subfield code="a">Electronic books</marc:subfield></marc:datafield><marc:datafield tag="700" ind1="1" ind2=" "><marc:subfield code="a">Phoenix, Tom</marc:subfield><marc:subfield code="e">Author</marc:subfield><marc:subfield code="4">aut</marc:subfield><marc:subfield code="0">(DE-601)662289757</marc:subfield><marc:subfield code="0">(DE-588)123176123</marc:subfield></marc:datafield><marc:datafield tag="700" ind1="1" ind2=" "><marc:subfield code="a">Foy, Brian D.</marc:subfield><marc:subfield code="e">Author</marc:subfield><marc:subfield code="4">aut</marc:subfield><marc:subfield code="0">(DE-601)662289951</marc:subfield><marc:subfield code="0">(DE-588)130469386</marc:subfield></marc:datafield><marc:datafield tag="787" ind1="0" ind2="8"><marc:subfield code="i">Print version: </marc:subfield><marc:subfield code="t">Learning Perl</marc:subfield></marc:datafield><marc:datafield tag="856" ind1="4" ind2="0"><marc:subfield code="u">http://proquestcombo.safaribooksonline.com/book/-/9781449311063</marc:subfield></marc:datafield><marc:datafield tag="856" ind1="4" ind2="1"><marc:subfield code="u">http://gbv.eblib.com/patron/FullRecord.aspx?p=741251</marc:subfield><marc:subfield code="3">Volltext</marc:subfield></marc:datafield><marc:datafield tag="856" ind1="4" ind2="1"><marc:subfield code="u">http://proquest.tech.safaribooksonline.de/9781449311063</marc:subfield><marc:subfield code="z">Connect to this resource online</marc:subfield><marc:subfield code="3">Volltext</marc:subfield></marc:datafield><marc:datafield tag="900" ind1=" " ind2=" "><marc:subfield code="a">GBV</marc:subfield><marc:subfield code="b">UB Kiel &lt;8&gt;</marc:subfield><marc:subfield code="f">Vervielfältigungen (z.B. Kopien, Downloads) sind nur von einzelnen Kapiteln oder Seiten und nur zum eigenen wissenschaftlichen Gebrauch erlaubt. Keine Weitergabe an Dritte. Kein systematisches Downloaden durch Robots</marc:subfield><marc:subfield code="f">Zugriff auf den Volltext nur für Universitätsangehörige innerhalb des Netzes der Universität Kiel (Campuslizenz)</marc:subfield></marc:datafield><marc:datafield tag="900" ind1=" " ind2=" "><marc:subfield code="a">GBV</marc:subfield><marc:subfield code="b">Ressortbibliotheken des BMEL</marc:subfield><marc:subfield code="d">!Thünen-Institut! Online-Ressource</marc:subfield><marc:subfield code="x">N</marc:subfield><marc:subfield code="z">N</marc:subfield><marc:subfield code="f">Ebook noch nicht erworben! Nach dem Kauf: Vervielfältigungen (z. B. Kopien, Downloads) sind nur von einzelnen Kapiteln oder Seiten und nur zum eigenen wissenschaftlichen Gebrauch erlaubt. Keine Weitergabe an Dritte.</marc:subfield></marc:datafield><marc:datafield tag="900" ind1=" " ind2=" "><marc:subfield code="a">GBV</marc:subfield><marc:subfield code="b">MPI ethnol. Forschung &lt;Ha 163&gt;</marc:subfield></marc:datafield><marc:datafield tag="900" ind1=" " ind2=" "><marc:subfield code="a">GBV</marc:subfield><marc:subfield code="b">Leibniz-FH Hannover &lt;Hv 137&gt;</marc:subfield><marc:subfield code="f">Vervielfältigungen (z. B. Kopien, Downloads) sind nur von einzelnen Kapiteln oder Seiten und nur zum eigenen wissenschaftlichen Gebrauch erlaubt. Keine Weitergabe an Dritte.</marc:subfield></marc:datafield><marc:datafield tag="912" ind1=" " ind2=" "><marc:subfield code="a">ZDB-32-SBO</marc:subfield></marc:datafield><marc:datafield tag="912" ind1=" " ind2=" "><marc:subfield code="a">ZDB-89-EBL</marc:subfield></marc:datafield><marc:datafield tag="912" ind1=" " ind2=" "><marc:subfield code="a">ZDB-32-STB</marc:subfield></marc:datafield><marc:datafield tag="954" ind1=" " ind2=" "><marc:subfield code="a">24</marc:subfield><marc:subfield code="b">1473415322</marc:subfield><marc:subfield code="c">01</marc:subfield><marc:subfield code="k">Vervielfältigungen (z.B. Kopien, Downloads) sind nur von einzelnen Kapiteln oder Seiten und nur zum eigenen wissenschaftlichen Gebrauch erlaubt. Keine Weitergabe an Dritte. Kein systematisches Downloaden durch Robots</marc:subfield><marc:subfield code="k">Zugriff auf den Volltext nur für Universitätsangehörige innerhalb des Netzes der Universität Kiel (Campuslizenz)</marc:subfield><marc:subfield code="x">0008</marc:subfield></marc:datafield><marc:datafield tag="954" ind1=" " ind2=" "><marc:subfield code="a">252</marc:subfield><marc:subfield code="b">1424143837</marc:subfield><marc:subfield code="c">01</marc:subfield><marc:subfield code="f">Thünen-Institut</marc:subfield><marc:subfield code="d">Online-Ressource</marc:subfield><marc:subfield code="e">g</marc:subfield><marc:subfield code="k">Ebook noch nicht erworben! Nach dem Kauf: Vervielfältigungen (z. B. Kopien, Downloads) sind nur von einzelnen Kapiteln oder Seiten und nur zum eigenen wissenschaftlichen Gebrauch erlaubt. Keine Weitergabe an Dritte.</marc:subfield><marc:subfield code="x">4252</marc:subfield></marc:datafield><marc:datafield tag="954" ind1=" " ind2=" "><marc:subfield code="a">283</marc:subfield><marc:subfield code="b">1538104679</marc:subfield><marc:subfield code="c">01</marc:subfield><marc:subfield code="x">3283</marc:subfield></marc:datafield><marc:datafield tag="954" ind1=" " ind2=" "><marc:subfield code="a">617</marc:subfield><marc:subfield code="b">1417246340</marc:subfield><marc:subfield code="c">01</marc:subfield><marc:subfield code="k">Vervielfältigungen (z. B. Kopien, Downloads) sind nur von einzelnen Kapiteln oder Seiten und nur zum eigenen wissenschaftlichen Gebrauch erlaubt. Keine Weitergabe an Dritte.</marc:subfield><marc:subfield code="x">4617</marc:subfield></marc:datafield></marc:record>