
<marc:record><marc:leader>07264nmm a2200877 c 4500</marc:leader>
<marc:controlfield tag="001">646162365</marc:controlfield>
<marc:controlfield tag="003">DE-601</marc:controlfield><marc:controlfield tag="005">20131102041417.0</marc:controlfield><marc:controlfield tag="007">cr uuu---uuuuu</marc:controlfield><marc:controlfield tag="008">110210s2010    gw            000 0 ger d</marc:controlfield><marc:datafield tag="020" ind1=" " ind2=" "><marc:subfield code="a">9783446424494</marc:subfield><marc:subfield code="9">978-3-446-42449-4</marc:subfield></marc:datafield><marc:datafield tag="020" ind1=" " ind2=" "><marc:subfield code="a">9783446416888 (print; Pb.)</marc:subfield><marc:subfield code="9">978-3-446-41688-8</marc:subfield></marc:datafield><marc:datafield tag="024" ind1="7" ind2=" "><marc:subfield code="a">10.3139/9783446424494</marc:subfield><marc:subfield code="2">doi</marc:subfield></marc:datafield><marc:datafield tag="035" ind1=" " ind2=" "><marc:subfield code="a">(OCoLC)846443322</marc:subfield></marc:datafield><marc:datafield tag="035" ind1=" " ind2=" "><marc:subfield code="a">(ZDB-22-CAN)40856</marc:subfield></marc:datafield><marc:datafield tag="035" ind1=" " ind2=" "><marc:subfield code="a">(DE-599)GBV646162365</marc:subfield></marc:datafield><marc:datafield tag="040" ind1=" " ind2=" "><marc:subfield code="a">GBVCP</marc:subfield><marc:subfield code="b">ger</marc:subfield><marc:subfield code="c">GBVCP</marc:subfield><marc:subfield code="e">rakwb</marc:subfield></marc:datafield><marc:datafield tag="041" ind1="0" ind2=" "><marc:subfield code="a">ger</marc:subfield></marc:datafield><marc:datafield tag="082" ind1="0" ind2="0"><marc:subfield code="a">004</marc:subfield></marc:datafield><marc:datafield tag="082" ind1="0" ind2="9"><marc:subfield code="a">004</marc:subfield></marc:datafield><marc:datafield tag="084" ind1=" " ind2=" "><marc:subfield code="a">54.53</marc:subfield><marc:subfield code="9">Programmiersprachen</marc:subfield><marc:subfield code="2">bcl</marc:subfield></marc:datafield><marc:datafield tag="084" ind1=" " ind2=" "><marc:subfield code="a">ST 250</marc:subfield><marc:subfield code="2">rvk</marc:subfield></marc:datafield><marc:datafield tag="100" ind1="1" ind2=" "><marc:subfield code="a">Plate, Jürgen</marc:subfield><marc:subfield code="0">(DE-601)085581372</marc:subfield><marc:subfield code="0">(DE-588)124010938</marc:subfield></marc:datafield><marc:datafield tag="245" ind1="1" ind2="4"><marc:subfield code="a">Der Perl-Programmierer</marc:subfield><marc:subfield code="h">Elektronische Ressource</marc:subfield><marc:subfield code="b">Perl lernen - professionell anwenden - Lösungen nutzen</marc:subfield><marc:subfield code="c">Jürgen Plate</marc:subfield></marc:datafield><marc:datafield tag="260" ind1="3" ind2=" "><marc:subfield code="a">München</marc:subfield><marc:subfield code="b">Hanser</marc:subfield><marc:subfield code="c">2010</marc:subfield></marc:datafield><marc:datafield tag="300" ind1=" " ind2=" "><marc:subfield code="a">Online-Ressource</marc:subfield><marc:subfield code="a">1232 S.</marc:subfield><marc:subfield code="b">Ill., graph. Darst.</marc:subfield></marc:datafield><marc:datafield tag="337" ind1=" " ind2=" "><marc:subfield code="a">eBook</marc:subfield></marc:datafield><marc:datafield tag="500" ind1=" " ind2=" "><marc:subfield code="a">Literaturverz. S. [1217] - 1218</marc:subfield></marc:datafield><marc:datafield tag="520" ind1=" " ind2=" "><marc:subfield code="a">Der Perl-Alleskönner Dieses Programmierhandbuch begleitet Sie von den ersten Schritten mit Perl bis hin zu Spezialthemen und der Auswahl und Anwendung von nützlichen Tools für die tägliche Arbeit. Egal, ob Sie es als Einführung in eine neue Sprache oder als Nachschlagewerk nutzen, hier finden Sie Hilfe. Denn das steckt alles drin: - Los geht's mit einem fundierten Einstieg in die Grundlagen und Konzepte von Perl. - Weiter geht es mit komplexeren Programmieraufgaben und dem Einsatz von Perl-Modulen. Hier finden Sie Themen wie z.B. die Berechnung von Datum und Uhrzeit, Reguläre Ausdrücke, Grafik, Benutzeroberflächen und Datenbankanbindung. - Sie erhalten Einblick in Spezialthemen und praktische Methoden wie die Entwicklung von Web-Anwendungen und die Netzwerk-Programmierung, Codegenerierung, Anbindung vonLaTeX und vieles mehr. - Die Fundgrube mit nützlichen Perl-Tools zeigt Ihnen, welche bewährten Hilfsmittel es gibt, wie sie Ihnen die tägliche Arbeit erleichtern und wie sie sich an Ihre Bedürfnisse anpassen lassen.  Begleitend zum Programmierhandbuch gibt es eine Webseite mit dem Source-Code der Beispiele, Lösungen zu den Aufgaben und Links zu den besprochenen Tools und Modulen.</marc:subfield></marc:datafield><marc:datafield tag="650" ind1=" " ind2="7"><marc:subfield code="0">(DE-601)357054547</marc:subfield><marc:subfield code="0">(DE-588)4709495-3</marc:subfield><marc:subfield code="a">Perl 6</marc:subfield><marc:subfield code="2">gnd</marc:subfield></marc:datafield><marc:datafield tag="653" ind1=" " ind2="0"><marc:subfield code="a">Computer Sciences</marc:subfield></marc:datafield><marc:datafield tag="689" ind1="0" ind2="0"><marc:subfield code="0">(DE-601)357054547</marc:subfield><marc:subfield code="0">(DE-588)4709495-3</marc:subfield><marc:subfield code="a">Perl 6</marc:subfield></marc:datafield><marc:datafield tag="787" ind1="0" ind2="8"><marc:subfield code="i">Online-Ausg.: </marc:subfield><marc:subfield code="t">Plate, Jürgen: Der Perl-Programmierer</marc:subfield><marc:subfield code="w">(DE-601)638512557</marc:subfield></marc:datafield><marc:datafield tag="856" ind1="4" ind2="1"><marc:subfield code="u">http://www.hanser-elibrary.com/action/showBook?doi=10.3139/9783446424494</marc:subfield><marc:subfield code="3">Volltext</marc:subfield></marc:datafield><marc:datafield tag="856" ind1="4" ind2="1"><marc:subfield code="u">http://ebooks.ciando.com/book/index.cfm/bok_id/40856</marc:subfield><marc:subfield code="m">CIANDO</marc:subfield><marc:subfield code="3">Volltext</marc:subfield></marc:datafield><marc:datafield tag="856" ind1="4" ind2="2"><marc:subfield code="y">C</marc:subfield><marc:subfield code="u">http://www.ciando.com/img/books/big/3446424490_k.jpg</marc:subfield><marc:subfield code="m">CIANDO</marc:subfield><marc:subfield code="3">Cover</marc:subfield></marc:datafield><marc:datafield tag="856" ind1="4" ind2="2"><marc:subfield code="y">C</marc:subfield><marc:subfield code="u">http://www.ciando.com/img/books/3446424490_k.jpg</marc:subfield><marc:subfield code="m">CIANDO</marc:subfield><marc:subfield code="3">Cover</marc:subfield></marc:datafield><marc:datafield tag="856" ind1="4" ind2="2"><marc:subfield code="u">http://deposit.d-nb.de/cgi-bin/dokserv?id=3199370&amp;prov=M&amp;dok_var=1&amp;dok_ext=htm</marc:subfield><marc:subfield code="3"> Inhaltstext</marc:subfield></marc:datafield><marc:datafield tag="856" ind1="4" ind2="2"><marc:subfield code="y">C</marc:subfield><marc:subfield code="u">http://www.ciando.com/img/books/width167/3446424490_k.jpg</marc:subfield><marc:subfield code="m">CIANDO</marc:subfield><marc:subfield code="3">Cover</marc:subfield></marc:datafield><marc:datafield tag="856" ind1="4" ind2="2"><marc:subfield code="y">C</marc:subfield><marc:subfield code="u">http://www.ciando.com/pictures/bib/3446424490bib_t_1_51197.jpg</marc:subfield><marc:subfield code="m">CIANDO</marc:subfield><marc:subfield code="3">Cover</marc:subfield></marc:datafield><marc:datafield tag="856" ind1="4" ind2="2"><marc:subfield code="y">C</marc:subfield><marc:subfield code="u">http://www.ciando.com/pictures/bib/3446424490bib_iv_01.jpg</marc:subfield><marc:subfield code="m">CIANDO</marc:subfield><marc:subfield code="3">Inhaltsverzeichnis</marc:subfield></marc:datafield><marc:datafield tag="856" ind1="4" ind2="2"><marc:subfield code="y">C</marc:subfield><marc:subfield code="u">http://www.ciando.com/pictures/bib/3446424490bib_iv_02.jpg</marc:subfield><marc:subfield code="m">CIANDO</marc:subfield><marc:subfield code="3">Inhaltsverzeichnis</marc:subfield></marc:datafield><marc:datafield tag="856" ind1="4" ind2="2"><marc:subfield code="y">C</marc:subfield><marc:subfield code="u">http://www.ciando.com/pictures/bib/3446424490bib_iv_03.jpg</marc:subfield><marc:subfield code="m">CIANDO</marc:subfield><marc:subfield code="3">Inhaltsverzeichnis</marc:subfield></marc:datafield><marc:datafield tag="856" ind1="4" ind2="2"><marc:subfield code="y">C</marc:subfield><marc:subfield code="u">http://www.ciando.com/pictures/bib/3446424490bib_iv_04.jpg</marc:subfield><marc:subfield code="m">CIANDO</marc:subfield><marc:subfield code="3">Inhaltsverzeichnis</marc:subfield></marc:datafield><marc:datafield tag="856" ind1="4" ind2="2"><marc:subfield code="y">C</marc:subfield><marc:subfield code="u">http://www.ciando.com/pictures/bib/3446424490bib_iv_05.jpg</marc:subfield><marc:subfield code="m">CIANDO</marc:subfield><marc:subfield code="3">Inhaltsverzeichnis</marc:subfield></marc:datafield><marc:datafield tag="856" ind1="4" ind2="2"><marc:subfield code="y">C</marc:subfield><marc:subfield code="u">http://www.ciando.com/pictures/bib/3446424490bib_iv_06.jpg</marc:subfield><marc:subfield code="m">CIANDO</marc:subfield><marc:subfield code="3">Inhaltsverzeichnis</marc:subfield></marc:datafield><marc:datafield tag="856" ind1="4" ind2="2"><marc:subfield code="y">C</marc:subfield><marc:subfield code="u">http://www.ciando.com/pictures/bib/3446424490bib_iv_07.jpg</marc:subfield><marc:subfield code="m">CIANDO</marc:subfield><marc:subfield code="3">Inhaltsverzeichnis</marc:subfield></marc:datafield><marc:datafield tag="856" ind1="4" ind2="2"><marc:subfield code="y">C</marc:subfield><marc:subfield code="u">http://www.ciando.com/pictures/bib/3446424490bib_iv_08.jpg</marc:subfield><marc:subfield code="m">CIANDO</marc:subfield><marc:subfield code="3">Inhaltsverzeichnis</marc:subfield></marc:datafield><marc:datafield tag="856" ind1="4" ind2="2"><marc:subfield code="y">C</marc:subfield><marc:subfield code="u">http://www.ciando.com/pictures/bib/3446424490bib_iv_09.jpg</marc:subfield><marc:subfield code="m">CIANDO</marc:subfield><marc:subfield code="3">Inhaltsverzeichnis</marc:subfield></marc:datafield><marc:datafield tag="856" ind1="4" ind2="2"><marc:subfield code="y">C</marc:subfield><marc:subfield code="u">http://www.ciando.com/pictures/bib/3446424490bib_iv_10.jpg</marc:subfield><marc:subfield code="m">CIANDO</marc:subfield><marc:subfield code="3">Inhaltsverzeichnis</marc:subfield></marc:datafield><marc:datafield tag="856" ind1="4" ind2="2"><marc:subfield code="y">C</marc:subfield><marc:subfield code="u">http://www.ciando.com/pictures/bib/3446424490bib_iv_11.jpg</marc:subfield><marc:subfield code="m">CIANDO</marc:subfield><marc:subfield code="3">Inhaltsverzeichnis</marc:subfield></marc:datafield><marc:datafield tag="856" ind1="4" ind2="2"><marc:subfield code="y">C</marc:subfield><marc:subfield code="u">http://www.ciando.com/pictures/bib/3446424490bib_iv_12.jpg</marc:subfield><marc:subfield code="m">CIANDO</marc:subfield><marc:subfield code="3">Inhaltsverzeichnis</marc:subfield></marc:datafield><marc:datafield tag="856" ind1="4" ind2="2"><marc:subfield code="y">C</marc:subfield><marc:subfield code="u">http://www.ciando.com/pictures/bib/3446424490bib_iv_13.jpg</marc:subfield><marc:subfield code="m">CIANDO</marc:subfield><marc:subfield code="3">Inhaltsverzeichnis</marc:subfield></marc:datafield><marc:datafield tag="856" ind1="4" ind2="2"><marc:subfield code="y">C</marc:subfield><marc:subfield code="u">http://www.ciando.com/pictures/bib/3446424490bib_iv_14.jpg</marc:subfield><marc:subfield code="m">CIANDO</marc:subfield><marc:subfield code="3">Inhaltsverzeichnis</marc:subfield></marc:datafield><marc:datafield tag="856" ind1="4" ind2="2"><marc:subfield code="y">C</marc:subfield><marc:subfield code="u">http://www.ciando.com/pictures/bib/3446424490bib_iv_15.jpg</marc:subfield><marc:subfield code="m">CIANDO</marc:subfield><marc:subfield code="3">Inhaltsverzeichnis</marc:subfield></marc:datafield><marc:datafield tag="856" ind1="4" ind2="2"><marc:subfield code="y">C</marc:subfield><marc:subfield code="u">http://www.ciando.com/pictures/bib/3446424490bib_vw_1.jpg</marc:subfield><marc:subfield code="m">CIANDO</marc:subfield><marc:subfield code="3">Einfuehrung/Vorwort</marc:subfield></marc:datafield><marc:datafield tag="856" ind1="4" ind2="2"><marc:subfield code="y">C</marc:subfield><marc:subfield code="u">http://www.ciando.com/pictures/bib/3446424490bib_vw_2.jpg</marc:subfield><marc:subfield code="m">CIANDO</marc:subfield><marc:subfield code="3">Einfuehrung/Vorwort</marc:subfield></marc:datafield><marc:datafield tag="856" ind1="4" ind2="2"><marc:subfield code="y">C</marc:subfield><marc:subfield code="u">http://www.ciando.com/pictures/bib/3446424490bib_vw_3.jpg</marc:subfield><marc:subfield code="m">CIANDO</marc:subfield><marc:subfield code="3">Einfuehrung/Vorwort</marc:subfield></marc:datafield><marc:datafield tag="856" ind1="4" ind2="2"><marc:subfield code="y">C</marc:subfield><marc:subfield code="u">http://www.ciando.com/pictures/bib/3446424490bib_vw_4.jpg</marc:subfield><marc:subfield code="m">CIANDO</marc:subfield><marc:subfield code="3">Einfuehrung/Vorwort</marc:subfield></marc:datafield><marc:datafield tag="856" ind1="4" ind2="2"><marc:subfield code="y">C</marc:subfield><marc:subfield code="u">http://www.ciando.com/pictures/bib/3446424490bib_lp_1.jpg</marc:subfield><marc:subfield code="m">CIANDO</marc:subfield><marc:subfield code="3">Auszug</marc:subfield></marc:datafield><marc:datafield tag="856" ind1="4" ind2="2"><marc:subfield code="y">C</marc:subfield><marc:subfield code="u">http://www.ciando.com/pictures/bib/3446424490bib_lp_2.jpg</marc:subfield><marc:subfield code="m">CIANDO</marc:subfield><marc:subfield code="3">Auszug</marc:subfield></marc:datafield><marc:datafield tag="856" ind1="4" ind2="2"><marc:subfield code="y">C</marc:subfield><marc:subfield code="u">http://www.ciando.com/pictures/bib/3446424490bib_lp_3.jpg</marc:subfield><marc:subfield code="m">CIANDO</marc:subfield><marc:subfield code="3">Auszug</marc:subfield></marc:datafield><marc:datafield tag="856" ind1="4" ind2="2"><marc:subfield code="y">C</marc:subfield><marc:subfield code="u">http://www.ciando.com/pictures/bib/3446424490bib_rs_1.jpg</marc:subfield><marc:subfield code="m">CIANDO</marc:subfield><marc:subfield code="3">Cover</marc:subfield></marc:datafield><marc:datafield tag="856" ind1="4" ind2="2"><marc:subfield code="u">http://d-nb.info/991815750/04</marc:subfield><marc:subfield code="m">DE-101</marc:subfield><marc:subfield code="3">Inhaltsverzeichnis</marc:subfield></marc:datafield><marc:datafield tag="900" ind1=" " ind2=" "><marc:subfield code="a">GBV</marc:subfield><marc:subfield code="b">SUB Bremen &lt;46&gt;</marc:subfield><marc:subfield code="f">Freie Nutzung im Campusnetz der Universitaet und der Hochschulen im Lande Bremen</marc:subfield></marc:datafield><marc:datafield tag="900" ind1=" " ind2=" "><marc:subfield code="a">GBV</marc:subfield><marc:subfield code="b">UB Rostock &lt;28&gt;</marc:subfield><marc:subfield code="f">Vervielfältigungen (z.B. Kopien, Downloads) sind nur von einzelnen Kapiteln oder Seiten und nur zum eigenen wissenschaftlichen Gebrauch erlaubt. Die Weitergabe an Dritte sowie systematisches Downloaden sind untersagt</marc:subfield></marc:datafield><marc:datafield tag="900" ind1=" " ind2=" "><marc:subfield code="a">GBV</marc:subfield><marc:subfield code="b">UB Lüneburg &lt;Luen 4&gt;</marc:subfield><marc:subfield code="f">Vervielfältigungen (z.B. Kopien, Downloads) sind nur von einzelnen Kapiteln oder Seiten und nur zum eigenen wissenschaftlichen Gebrauch erlaubt. Keine Weitergabe an Dritte. Kein systematisches Downloaden durch Robots</marc:subfield><marc:subfield code="f">Volltextzugriff nur für berechtigte Personen über das Campusnetz</marc:subfield></marc:datafield><marc:datafield tag="912" ind1=" " ind2=" "><marc:subfield code="a">ZDB-16-HET</marc:subfield><marc:subfield code="b">2002-2010</marc:subfield></marc:datafield><marc:datafield tag="912" ind1=" " ind2=" "><marc:subfield code="a">ZDB-16-HEB</marc:subfield><marc:subfield code="b">2002-2010</marc:subfield></marc:datafield><marc:datafield tag="912" ind1=" " ind2=" "><marc:subfield code="a">ZDB-22-CAN</marc:subfield></marc:datafield><marc:datafield tag="950" ind1=" " ind2=" "><marc:subfield code="a">Hanser / Computer Programmierung</marc:subfield><marc:subfield code="2">ciando</marc:subfield></marc:datafield><marc:datafield tag="950" ind1=" " ind2=" "><marc:subfield code="a">Programmierung Weitere Sprachen</marc:subfield><marc:subfield code="2">ciando</marc:subfield></marc:datafield><marc:datafield tag="950" ind1=" " ind2=" "><marc:subfield code="a">Computer Programmiersprachen</marc:subfield><marc:subfield code="2">ciando</marc:subfield></marc:datafield><marc:datafield tag="954" ind1=" " ind2=" "><marc:subfield code="a">21</marc:subfield><marc:subfield code="b">1274723418</marc:subfield><marc:subfield code="c">01</marc:subfield><marc:subfield code="k">Freie Nutzung im Campusnetz der Universitaet und der Hochschulen im Lande Bremen</marc:subfield><marc:subfield code="x">0046</marc:subfield></marc:datafield><marc:datafield tag="954" ind1=" " ind2=" "><marc:subfield code="a">62</marc:subfield><marc:subfield code="b">1306452201</marc:subfield><marc:subfield code="c">01</marc:subfield><marc:subfield code="k">Vervielfältigungen (z.B. Kopien, Downloads) sind nur von einzelnen Kapiteln oder Seiten und nur zum eigenen wissenschaftlichen Gebrauch erlaubt. Die Weitergabe an Dritte sowie systematisches Downloaden sind untersagt</marc:subfield><marc:subfield code="x">0028</marc:subfield></marc:datafield><marc:datafield tag="954" ind1=" " ind2=" "><marc:subfield code="a">110</marc:subfield><marc:subfield code="b">1224418182</marc:subfield><marc:subfield code="c">01</marc:subfield><marc:subfield code="k">Vervielfältigungen (z.B. Kopien, Downloads) sind nur von einzelnen Kapiteln oder Seiten und nur zum eigenen wissenschaftlichen Gebrauch erlaubt. Keine Weitergabe an Dritte. Kein systematisches Downloaden durch Robots</marc:subfield><marc:subfield code="k">Volltextzugriff nur für berechtigte Personen über das Campusnetz</marc:subfield><marc:subfield code="x">3110</marc:subfield></marc:datafield></marc:record>