
<marc:record><marc:leader>04190nam a2200865 c 4500</marc:leader>
<marc:controlfield tag="001">593021185</marc:controlfield>
<marc:controlfield tag="003">DE-601</marc:controlfield><marc:controlfield tag="005">20140913234122.0</marc:controlfield><marc:controlfield tag="008">090305s2009    gw            000 0 ger d</marc:controlfield><marc:datafield tag="020" ind1=" " ind2=" "><marc:subfield code="a">3897218879</marc:subfield><marc:subfield code="9">3-89721-887-9</marc:subfield></marc:datafield><marc:datafield tag="020" ind1=" " ind2=" "><marc:subfield code="a">9783897218871</marc:subfield><marc:subfield code="c">EUR 34.90 (D)</marc:subfield><marc:subfield code="9">978-3-89721-887-1</marc:subfield></marc:datafield><marc:datafield tag="024" ind1="8" ind2=" "><marc:subfield code="a">STBBT952432018</marc:subfield></marc:datafield><marc:datafield tag="035" ind1=" " ind2=" "><marc:subfield code="a">(OCoLC)316213164</marc:subfield></marc:datafield><marc:datafield tag="035" ind1=" " ind2=" "><marc:subfield code="a">952432018</marc:subfield></marc:datafield><marc:datafield tag="035" ind1=" " ind2=" "><marc:subfield code="a">(DE-599)GBV593021185</marc:subfield></marc:datafield><marc:datafield tag="040" ind1=" " ind2=" "><marc:subfield code="a">GBVCP</marc:subfield><marc:subfield code="b">ger</marc:subfield><marc:subfield code="c">GBVCP</marc:subfield><marc:subfield code="e">rakwb</marc:subfield></marc:datafield><marc:datafield tag="041" ind1="1" ind2=" "><marc:subfield code="a">ger</marc:subfield><marc:subfield code="h">eng</marc:subfield></marc:datafield><marc:datafield tag="044" ind1=" " ind2=" "><marc:subfield code="c">XA-DE-NW</marc:subfield><marc:subfield code="a">cc</marc:subfield><marc:subfield code="a">xxu</marc:subfield><marc:subfield code="a">xxk</marc:subfield></marc:datafield><marc:datafield tag="082" ind1="0" ind2="9"><marc:subfield code="a">004</marc:subfield></marc:datafield><marc:datafield tag="084" ind1=" " ind2=" "><marc:subfield code="a">Wcm 2         Perl 5.10</marc:subfield><marc:subfield code="2">asb</marc:subfield></marc:datafield><marc:datafield tag="084" ind1=" " ind2=" "><marc:subfield code="a">WGL 127</marc:subfield><marc:subfield code="2">ssd</marc:subfield></marc:datafield><marc:datafield tag="084" ind1=" " ind2=" "><marc:subfield code="a">EDV 956       Perl 5.10</marc:subfield><marc:subfield code="2">sfb</marc:subfield></marc:datafield><marc:datafield tag="084" ind1=" " ind2=" "><marc:subfield code="a">Z 320         Perl 5.10</marc:subfield><marc:subfield code="2">kab</marc:subfield></marc:datafield><marc:datafield tag="084" ind1=" " ind2=" "><marc:subfield code="a">54.65</marc:subfield><marc:subfield code="9">Webentwicklung</marc:subfield><marc:subfield code="2">bcl</marc:subfield></marc:datafield><marc:datafield tag="084" ind1=" " ind2=" "><marc:subfield code="a">ST 250 P30</marc:subfield><marc:subfield code="2">rvk</marc:subfield></marc:datafield><marc:datafield tag="100" ind1="1" ind2=" "><marc:subfield code="a">Schwartz, Randal L.</marc:subfield><marc:subfield code="0">(DE-601)080606733</marc:subfield><marc:subfield code="0">(DE-588)120327996</marc:subfield></marc:datafield><marc:datafield tag="240" ind1="1" ind2="0"><marc:subfield code="a">Learning Perl &lt;dt.&gt;</marc:subfield></marc:datafield><marc:datafield tag="245" ind1="1" ind2="0"><marc:subfield code="a">Einführung in Perl</marc:subfield><marc:subfield code="b">[behandelt Perl 5.10]</marc:subfield><marc:subfield code="c">Randal L. Schwartz; Tom Phoenix &amp; Brian D Foy. Dt. Übers. von Jørgen W. Lang</marc:subfield></marc:datafield><marc:datafield tag="250" ind1=" " ind2=" "><marc:subfield code="a">Dt. Ausg. der 5. Aufl.</marc:subfield></marc:datafield><marc:datafield tag="260" ind1="3" ind2=" "><marc:subfield code="a">Köln [u.a.]</marc:subfield><marc:subfield code="b">O'Reilly</marc:subfield><marc:subfield code="c">2009</marc:subfield></marc:datafield><marc:datafield tag="300" ind1=" " ind2=" "><marc:subfield code="a">XVII, 364 S.</marc:subfield></marc:datafield><marc:datafield tag="504" ind1=" " ind2=" "><marc:subfield code="a">Einführung in die Programmiersprache Perl anhand Version 5.10. (LK/M: Zimmermann)</marc:subfield></marc:datafield><marc:datafield tag="650" ind1=" " ind2="7"><marc:subfield code="0">(DE-601)588741264</marc:subfield><marc:subfield code="0">(DE-588)7638891-8</marc:subfield><marc:subfield code="a">Perl 5.10</marc:subfield><marc:subfield code="2">gnd</marc:subfield></marc:datafield><marc:datafield tag="650" ind1=" " ind2="7"><marc:subfield code="0">(DE-601)123519713</marc:subfield><marc:subfield code="0">(DE-588)4307836-9</marc:subfield><marc:subfield code="a">Perl</marc:subfield><marc:subfield code="9">g:Programmiersprache</marc:subfield><marc:subfield code="2">gbv</marc:subfield></marc:datafield><marc:datafield tag="689" ind1="0" ind2="0"><marc:subfield code="0">(DE-601)588741264</marc:subfield><marc:subfield code="0">(DE-588)7638891-8</marc:subfield><marc:subfield code="a">Perl 5.10</marc:subfield></marc:datafield><marc:datafield tag="700" ind1="1" ind2=" "><marc:subfield code="a">Phoenix, Tom</marc:subfield><marc:subfield code="e">Author</marc:subfield><marc:subfield code="4">aut</marc:subfield></marc:datafield><marc:datafield tag="700" ind1="1" ind2=" "><marc:subfield code="a">Foy, Brian D.</marc:subfield><marc:subfield code="e">Author</marc:subfield><marc:subfield code="4">aut</marc:subfield></marc:datafield><marc:datafield tag="700" ind1="1" ind2=" "><marc:subfield code="a">Lang, Jørgen W.</marc:subfield><marc:subfield code="0">(DE-601)608589004</marc:subfield><marc:subfield code="0">(DE-588)129082112</marc:subfield></marc:datafield><marc:datafield tag="856" ind1="4" ind2="2"><marc:subfield code="y">Inhaltsverzeichnis</marc:subfield><marc:subfield code="u">http://www.gbv.de/dms/ilmenau/toc/593021185.PDF</marc:subfield><marc:subfield code="m">V:DE-601;DE-ilm1</marc:subfield><marc:subfield code="3">Inhaltsverzeichnis</marc:subfield></marc:datafield><marc:datafield tag="856" ind1="4" ind2="2"><marc:subfield code="u">http://d-nb.info/99090900X/04</marc:subfield><marc:subfield code="m">DE-101</marc:subfield><marc:subfield code="3">Inhaltsverzeichnis</marc:subfield></marc:datafield><marc:datafield tag="900" ind1=" " ind2=" "><marc:subfield code="a">GBV</marc:subfield><marc:subfield code="b">UB Braunschweig &lt;84&gt;</marc:subfield><marc:subfield code="d">!LS1! CS J 344</marc:subfield><marc:subfield code="x">L</marc:subfield><marc:subfield code="z">LC</marc:subfield><marc:subfield code="d">2894-0883</marc:subfield><marc:subfield code="x">L</marc:subfield><marc:subfield code="z">LC</marc:subfield><marc:subfield code="d">2894-0896</marc:subfield><marc:subfield code="x">L</marc:subfield><marc:subfield code="z">LC</marc:subfield><marc:subfield code="d">!LS1! CS J 344</marc:subfield><marc:subfield code="x">L</marc:subfield><marc:subfield code="z">LC</marc:subfield></marc:datafield><marc:datafield tag="900" ind1=" " ind2=" "><marc:subfield code="a">GBV</marc:subfield><marc:subfield code="b">SUB Bremen &lt;46&gt;</marc:subfield><marc:subfield code="d">a inf 331 pel/681(5)</marc:subfield><marc:subfield code="x">L</marc:subfield><marc:subfield code="z">LC</marc:subfield></marc:datafield><marc:datafield tag="900" ind1=" " ind2=" "><marc:subfield code="a">GBV</marc:subfield><marc:subfield code="b">SUB+Uni Hamburg &lt;18&gt;</marc:subfield><marc:subfield code="d">!18/228! P SCH 43074</marc:subfield><marc:subfield code="x">N</marc:subfield><marc:subfield code="z">N</marc:subfield><marc:subfield code="d">!SUB-LBS! F Inf 467/2</marc:subfield><marc:subfield code="x">N</marc:subfield><marc:subfield code="z">N</marc:subfield><marc:subfield code="d">F Math 847/12</marc:subfield></marc:datafield><marc:datafield tag="900" ind1=" " ind2=" "><marc:subfield code="a">GBV</marc:subfield><marc:subfield code="b">THULB Jena &lt;27&gt;</marc:subfield><marc:subfield code="d">!J 50! INF:DD:2000:Perl:S399:2009</marc:subfield><marc:subfield code="x">L</marc:subfield><marc:subfield code="z">LC</marc:subfield></marc:datafield><marc:datafield tag="900" ind1=" " ind2=" "><marc:subfield code="a">GBV</marc:subfield><marc:subfield code="b">UB Ilmenau &lt;Ilm 1&gt;</marc:subfield><marc:subfield code="d">!53! INF ST 250 P30 S399(5)</marc:subfield><marc:subfield code="x">L</marc:subfield><marc:subfield code="z">LC</marc:subfield></marc:datafield><marc:datafield tag="900" ind1=" " ind2=" "><marc:subfield code="a">GBV</marc:subfield><marc:subfield code="b">HAW Hamburg</marc:subfield><marc:subfield code="d">!18/302! Dat 346 PER 6/5.A.</marc:subfield><marc:subfield code="x">N</marc:subfield><marc:subfield code="z">N</marc:subfield><marc:subfield code="d">!18/302! Dat 346 PER 6/5.A. a</marc:subfield><marc:subfield code="x">N</marc:subfield><marc:subfield code="z">N</marc:subfield></marc:datafield><marc:datafield tag="900" ind1=" " ind2=" "><marc:subfield code="a">GBV</marc:subfield><marc:subfield code="b">TIB/UB Hannover &lt;89&gt;</marc:subfield><marc:subfield code="d">T 09 B 1276</marc:subfield><marc:subfield code="x">L</marc:subfield><marc:subfield code="z">LC</marc:subfield></marc:datafield><marc:datafield tag="900" ind1=" " ind2=" "><marc:subfield code="a">GBV</marc:subfield><marc:subfield code="b">UB Hildesheim &lt;Hil 2&gt;</marc:subfield><marc:subfield code="d">CSC 384 : S15</marc:subfield><marc:subfield code="x">L</marc:subfield><marc:subfield code="z">LC</marc:subfield><marc:subfield code="d">CSC 384 : S15,b</marc:subfield><marc:subfield code="x">L</marc:subfield><marc:subfield code="z">LC</marc:subfield></marc:datafield><marc:datafield tag="900" ind1=" " ind2=" "><marc:subfield code="a">GBV</marc:subfield><marc:subfield code="b">EAH Jena &lt;J 59&gt;</marc:subfield><marc:subfield code="d">54.65,214-11/01297</marc:subfield><marc:subfield code="x">L</marc:subfield><marc:subfield code="z">LC</marc:subfield></marc:datafield><marc:datafield tag="900" ind1=" " ind2=" "><marc:subfield code="a">GBV</marc:subfield><marc:subfield code="b">Ostfalia Wolfenbüttel &lt;916&gt;</marc:subfield><marc:subfield code="d">!WF! IT Gp 831/5</marc:subfield><marc:subfield code="x">L</marc:subfield><marc:subfield code="z">LC</marc:subfield><marc:subfield code="f">Weitere Exemplare unter den anderen Auflagen</marc:subfield></marc:datafield><marc:datafield tag="900" ind1=" " ind2=" "><marc:subfield code="a">GBV</marc:subfield><marc:subfield code="b">HBK Braunschw. &lt;834&gt;</marc:subfield><marc:subfield code="d">!221! 221 H 7.611.2 Schwa 1</marc:subfield><marc:subfield code="x">N</marc:subfield><marc:subfield code="z">N</marc:subfield><marc:subfield code="d">H 7.611.2 Schwa 1</marc:subfield></marc:datafield><marc:datafield tag="900" ind1=" " ind2=" "><marc:subfield code="a">GBV</marc:subfield><marc:subfield code="b">StB Bremen &lt;478&gt;</marc:subfield><marc:subfield code="d">!10/29! EDV 956 Perl</marc:subfield><marc:subfield code="x">L</marc:subfield><marc:subfield code="z">LC</marc:subfield></marc:datafield><marc:datafield tag="951" ind1=" " ind2=" "><marc:subfield code="a">inf 331 pel</marc:subfield><marc:subfield code="2">21</marc:subfield></marc:datafield><marc:datafield tag="951" ind1=" " ind2=" "><marc:subfield code="a">92</marc:subfield><marc:subfield code="2">21</marc:subfield></marc:datafield><marc:datafield tag="951" ind1=" " ind2=" "><marc:subfield code="a">INF:DD:2000</marc:subfield><marc:subfield code="2">31</marc:subfield></marc:datafield><marc:datafield tag="951" ind1=" " ind2=" "><marc:subfield code="a">ST 250 P30</marc:subfield><marc:subfield code="2">32</marc:subfield></marc:datafield><marc:datafield tag="951" ind1=" " ind2=" "><marc:subfield code="a">DAT 346 PER</marc:subfield><marc:subfield code="2">34</marc:subfield></marc:datafield><marc:datafield tag="951" ind1=" " ind2=" "><marc:subfield code="a">CSC 384</marc:subfield><marc:subfield code="2">90</marc:subfield></marc:datafield><marc:datafield tag="951" ind1=" " ind2=" "><marc:subfield code="a">H 7.611.2</marc:subfield><marc:subfield code="2">165</marc:subfield></marc:datafield><marc:datafield tag="954" ind1=" " ind2=" "><marc:subfield code="a">20</marc:subfield><marc:subfield code="b">945398816</marc:subfield><marc:subfield code="c">01</marc:subfield><marc:subfield code="f">LS1</marc:subfield><marc:subfield code="d">CS J 344</marc:subfield><marc:subfield code="d">2894-0883</marc:subfield><marc:subfield code="x">0084</marc:subfield></marc:datafield><marc:datafield tag="954" ind1=" " ind2=" "><marc:subfield code="a">20</marc:subfield><marc:subfield code="b">946658935</marc:subfield><marc:subfield code="c">02</marc:subfield><marc:subfield code="d">2894-0896</marc:subfield><marc:subfield code="f">LS1</marc:subfield><marc:subfield code="d">CS J 344</marc:subfield><marc:subfield code="x">0084</marc:subfield></marc:datafield><marc:datafield tag="954" ind1=" " ind2=" "><marc:subfield code="a">21</marc:subfield><marc:subfield code="b">946923655</marc:subfield><marc:subfield code="c">01</marc:subfield><marc:subfield code="d">a inf 331 pel/681(5)</marc:subfield><marc:subfield code="e">u</marc:subfield><marc:subfield code="x">0046</marc:subfield></marc:datafield><marc:datafield tag="954" ind1=" " ind2=" "><marc:subfield code="a">22</marc:subfield><marc:subfield code="b">922856427</marc:subfield><marc:subfield code="c">01</marc:subfield><marc:subfield code="f">18/228</marc:subfield><marc:subfield code="d">P SCH 43074</marc:subfield><marc:subfield code="e">c</marc:subfield><marc:subfield code="x">0018</marc:subfield></marc:datafield><marc:datafield tag="954" ind1=" " ind2=" "><marc:subfield code="a">22</marc:subfield><marc:subfield code="b">934604061</marc:subfield><marc:subfield code="c">02</marc:subfield><marc:subfield code="f">SUB-LBS</marc:subfield><marc:subfield code="d">F Inf 467/2</marc:subfield><marc:subfield code="e">c</marc:subfield><marc:subfield code="d">F Math 847/12</marc:subfield><marc:subfield code="x">0018</marc:subfield></marc:datafield><marc:datafield tag="954" ind1=" " ind2=" "><marc:subfield code="a">31</marc:subfield><marc:subfield code="b">936179139</marc:subfield><marc:subfield code="c">01</marc:subfield><marc:subfield code="f">J 50</marc:subfield><marc:subfield code="d">INF:DD:2000:Perl:S399:2009</marc:subfield><marc:subfield code="e">d</marc:subfield><marc:subfield code="x">0027</marc:subfield></marc:datafield><marc:datafield tag="954" ind1=" " ind2=" "><marc:subfield code="a">32</marc:subfield><marc:subfield code="b">926325485</marc:subfield><marc:subfield code="c">02</marc:subfield><marc:subfield code="f">53</marc:subfield><marc:subfield code="d">INF ST 250 P30 S399(5)</marc:subfield><marc:subfield code="e">u</marc:subfield><marc:subfield code="x">3400</marc:subfield></marc:datafield><marc:datafield tag="954" ind1=" " ind2=" "><marc:subfield code="a">34</marc:subfield><marc:subfield code="b">1165649829</marc:subfield><marc:subfield code="c">01</marc:subfield><marc:subfield code="f">18/302</marc:subfield><marc:subfield code="d">Dat 346 PER 6/5.A.</marc:subfield><marc:subfield code="e">c</marc:subfield><marc:subfield code="x">3551</marc:subfield></marc:datafield><marc:datafield tag="954" ind1=" " ind2=" "><marc:subfield code="a">34</marc:subfield><marc:subfield code="b">1166348040</marc:subfield><marc:subfield code="c">02</marc:subfield><marc:subfield code="f">18/302</marc:subfield><marc:subfield code="d">Dat 346 PER 6/5.A. a</marc:subfield><marc:subfield code="e">c</marc:subfield><marc:subfield code="x">3551</marc:subfield></marc:datafield><marc:datafield tag="954" ind1=" " ind2=" "><marc:subfield code="a">70</marc:subfield><marc:subfield code="b">909749981</marc:subfield><marc:subfield code="c">01</marc:subfield><marc:subfield code="d">T 09 B 1276</marc:subfield><marc:subfield code="e">b</marc:subfield><marc:subfield code="x">0089</marc:subfield></marc:datafield><marc:datafield tag="954" ind1=" " ind2=" "><marc:subfield code="a">90</marc:subfield><marc:subfield code="b">1265110638</marc:subfield><marc:subfield code="c">01</marc:subfield><marc:subfield code="d">CSC 384 : S15</marc:subfield><marc:subfield code="e">u</marc:subfield><marc:subfield code="x">3090</marc:subfield></marc:datafield><marc:datafield tag="954" ind1=" " ind2=" "><marc:subfield code="a">90</marc:subfield><marc:subfield code="b">1265874328</marc:subfield><marc:subfield code="c">02</marc:subfield><marc:subfield code="d">CSC 384 : S15,b</marc:subfield><marc:subfield code="e">u</marc:subfield><marc:subfield code="x">3090</marc:subfield></marc:datafield><marc:datafield tag="954" ind1=" " ind2=" "><marc:subfield code="a">150</marc:subfield><marc:subfield code="b">1266490094</marc:subfield><marc:subfield code="c">01</marc:subfield><marc:subfield code="d">54.65,214-11/01297</marc:subfield><marc:subfield code="e">u</marc:subfield><marc:subfield code="x">3406</marc:subfield></marc:datafield><marc:datafield tag="954" ind1=" " ind2=" "><marc:subfield code="a">164</marc:subfield><marc:subfield code="b">931907098</marc:subfield><marc:subfield code="c">01</marc:subfield><marc:subfield code="f">WF</marc:subfield><marc:subfield code="d">IT Gp 831/5</marc:subfield><marc:subfield code="e">u</marc:subfield><marc:subfield code="k">Weitere Exemplare unter den anderen Auflagen</marc:subfield><marc:subfield code="x">0916</marc:subfield></marc:datafield><marc:datafield tag="954" ind1=" " ind2=" "><marc:subfield code="a">165</marc:subfield><marc:subfield code="b">944162444</marc:subfield><marc:subfield code="c">01</marc:subfield><marc:subfield code="f">221</marc:subfield><marc:subfield code="d">221 H 7.611.2 Schwa 1</marc:subfield><marc:subfield code="e">g</marc:subfield><marc:subfield code="d">H 7.611.2 Schwa 1</marc:subfield><marc:subfield code="x">0834</marc:subfield></marc:datafield><marc:datafield tag="954" ind1=" " ind2=" "><marc:subfield code="a">274</marc:subfield><marc:subfield code="b">1404623906</marc:subfield><marc:subfield code="c">01</marc:subfield><marc:subfield code="f">10/29</marc:subfield><marc:subfield code="d">EDV 956 Perl</marc:subfield><marc:subfield code="e">u</marc:subfield><marc:subfield code="x">0478</marc:subfield></marc:datafield></marc:record>