
<marc:record><marc:leader>05086nmm a2200613 c 4500</marc:leader>
<marc:controlfield tag="001">658519778</marc:controlfield>
<marc:controlfield tag="003">DE-601</marc:controlfield><marc:controlfield tag="005">20150331184019.0</marc:controlfield><marc:controlfield tag="007">cr uuu---uuuuu</marc:controlfield><marc:controlfield tag="008">110310s2006    xxu           000 0 eng d</marc:controlfield><marc:datafield tag="020" ind1=" " ind2=" "><marc:subfield code="a">1590595319</marc:subfield><marc:subfield code="9">1-59059-531-9</marc:subfield></marc:datafield><marc:datafield tag="035" ind1=" " ind2=" "><marc:subfield code="a">(OCoLC)ocn262691935</marc:subfield></marc:datafield><marc:datafield tag="035" ind1=" " ind2=" "><marc:subfield code="a">(ZDB-22-CAN)21236</marc:subfield></marc:datafield><marc:datafield tag="035" ind1=" " ind2=" "><marc:subfield code="a">EBL323153</marc:subfield></marc:datafield><marc:datafield tag="035" ind1=" " ind2=" "><marc:subfield code="a">(OCoLC)262691935</marc:subfield></marc:datafield><marc:datafield tag="035" ind1=" " ind2=" "><marc:subfield code="a">(DE-599)GBV658519778</marc:subfield></marc:datafield><marc:datafield tag="040" ind1=" " ind2=" "><marc:subfield code="a">GBVCP</marc:subfield><marc:subfield code="b">ger</marc:subfield><marc:subfield code="c">GBVCP</marc:subfield><marc:subfield code="e">rakwb</marc:subfield></marc:datafield><marc:datafield tag="041" ind1="0" ind2=" "><marc:subfield code="a">eng</marc:subfield></marc:datafield><marc:datafield tag="050" ind1=" " ind2="0"><marc:subfield code="a">QA76.73.P22</marc:subfield></marc:datafield><marc:datafield tag="082" ind1="0" ind2="0"><marc:subfield code="a">005.2762</marc:subfield></marc:datafield><marc:datafield tag="084" ind1=" " ind2=" "><marc:subfield code="a">ST 250</marc:subfield><marc:subfield code="2">rvk</marc:subfield></marc:datafield><marc:datafield tag="100" ind1="1" ind2=" "><marc:subfield code="a">Suehring, Steve</marc:subfield></marc:datafield><marc:datafield tag="245" ind1="1" ind2="0"><marc:subfield code="a">Beginning Perl Web Development</marc:subfield><marc:subfield code="h">Elektronische Ressource</marc:subfield><marc:subfield code="b">From Novice To Professional</marc:subfield></marc:datafield><marc:datafield tag="250" ind1=" " ind2=" "><marc:subfield code="a">1. Aufl.</marc:subfield></marc:datafield><marc:datafield tag="260" ind1="3" ind2=" "><marc:subfield code="a">[s.l.]</marc:subfield><marc:subfield code="b">Apress</marc:subfield><marc:subfield code="c">2006</marc:subfield></marc:datafield><marc:datafield tag="300" ind1=" " ind2=" "><marc:subfield code="a">Online-Ressource</marc:subfield><marc:subfield code="a">Online Ressource (2792 KB, 374 S.)</marc:subfield></marc:datafield><marc:datafield tag="337" ind1=" " ind2=" "><marc:subfield code="a">eBook</marc:subfield></marc:datafield><marc:datafield tag="490" ind1="0" ind2=" "><marc:subfield code="a">Beginning: From Novice to Professional</marc:subfield></marc:datafield><marc:datafield tag="500" ind1=" " ind2=" "><marc:subfield code="a">Description based upon print version of record</marc:subfield></marc:datafield><marc:datafield tag="505" ind1="0" ind2=" "><marc:subfield code="a">CONTENTS AT A GLANCE; CONTENTS; About the Author; About the Technical Reviewer; Acknowledgments; Introduction; PART 1 CGI Development with Perl; PART 1 CGI Development with Perl; ¦CHAPTER 1 The CGI Module; ¦CHAPTER 2 Popular CGI Modules; ¦CHAPTER 3 Databases and Perl; ¦CHAPTER 4 System Interaction; PART 2 Internet Interaction with LWP and Net::Tools; PART 2 Internet Interaction with LWP and Net::Tools; ¦CHAPTER 5 LWP Modules; ¦CHAPTER 6 Net:: Tools; PART 3 XML and RSS; PART 3 XML and RSS; ¦CHAPTER 7 SOAP-Based Web Services; ¦CHAPTER 8 Perl and RSS; ¦CHAPTER 9 XML Parsing with Perl.</marc:subfield></marc:datafield><marc:datafield tag="505" ind1="0" ind2=" "><marc:subfield code="a">PART 4 Performance Enhancement with mod_perlPART 4 Performance Enhancement with mod_perl; ¦CHAPTER 10 Apache and mod_perl; ¦CHAPTER 11 Development with mod_perl; PART 5 Creating Web Templates; PART 5 Creating Web Templates; ¦CHAPTER 12 The Template Toolkit; ¦CHAPTER 13 Perl Web Sites with Mason; ¦APPENDIX Perl Basics; ¦APPENDIX Perl Basics; Our First Perl Program; Types of Data; Operators; Variables; Variable Interpolation; The if Statement; Looping Constructs; The while Loop; Loop Control Constructs; Summary; ¦INDEX; ¦INDEX;.</marc:subfield></marc:datafield><marc:datafield tag="520" ind1=" " ind2=" "><marc:subfield code="a">&amp;quot;Beginning Perl Web Development: From Novice to Professional&amp;quot; introduces you to the world of Perl Internet application development. This book tackles all areas crucial to developing your first web applications and includes a powerful combination of real-world examples coupled with advice. Topics range from serving and consuming RSS feeds, to monitoring Internet servers, to interfacing with e-mail. You'll learn how to use Perl with ancillary packages like Mason and Nagios. Though not version specific, this book is an ideal read if you have had some grounding in Perl basics and now wan</marc:subfield></marc:datafield><marc:datafield tag="520" ind1=" " ind2=" "><marc:subfield code="a">Beginning Perl Web Development is a unique book providing a powerful combination of real-world examples coupled with advice based on the authors years of experience developing Internet applications in Perl. The book introduces the reader to the world of practical Internet application development with Perl. It comprehensively covers all aspects of Perls use as an Internet application platform from serving and consuming RSS feeds, through monitoring Internet servers, to interfacing with e-mail. This book is not version specific.</marc:subfield></marc:datafield><marc:datafield tag="533" ind1=" " ind2=" "><marc:subfield code="a">Online-Ausg.</marc:subfield><marc:subfield code="d">2010</marc:subfield><marc:subfield code="n">Electronic reproduction</marc:subfield><marc:subfield code="7">|2010||||||||||</marc:subfield></marc:datafield><marc:datafield tag="650" ind1=" " ind2="7"><marc:subfield code="0">(DE-601)123519713</marc:subfield><marc:subfield code="0">(DE-588)4307836-9</marc:subfield><marc:subfield code="a">Perl</marc:subfield><marc:subfield code="9">g:Programmiersprache</marc:subfield><marc:subfield code="2">gbv</marc:subfield></marc:datafield><marc:datafield tag="653" ind1=" " ind2="0"><marc:subfield code="a">Internet programming</marc:subfield></marc:datafield><marc:datafield tag="653" ind1=" " ind2="0"><marc:subfield code="a">Perl (Computer program language)</marc:subfield></marc:datafield><marc:datafield tag="655" ind1=" " ind2="0"><marc:subfield code="a">Electronic books</marc:subfield></marc:datafield><marc:datafield tag="776" ind1="1" ind2=" "><marc:subfield code="z">1430200898</marc:subfield></marc:datafield><marc:datafield tag="776" ind1="1" ind2=" "><marc:subfield code="z">9781430200895</marc:subfield></marc:datafield><marc:datafield tag="787" ind1="0" ind2="8"><marc:subfield code="i">Print version: </marc:subfield><marc:subfield code="t">Beginning Perl Web Development : From Novice to Professional</marc:subfield></marc:datafield><marc:datafield tag="856" ind1="4" ind2="1"><marc:subfield code="u">http://search.ebscohost.com/login.aspx?direct=true&amp;scope=site&amp;db=nlebk&amp;db=nlabk&amp;AN=182626</marc:subfield><marc:subfield code="3">Volltext</marc:subfield></marc:datafield><marc:datafield tag="856" ind1="4" ind2="1"><marc:subfield code="u">http://ebooks.ciando.com/book/index.cfm/bok_id/21236</marc:subfield><marc:subfield code="m">CIANDO</marc:subfield><marc:subfield code="3">Volltext</marc:subfield></marc:datafield><marc:datafield tag="856" ind1="4" ind2="1"><marc:subfield code="u">http://gbv.eblib.com/patron/FullRecord.aspx?p=323153</marc:subfield><marc:subfield code="3">Volltext</marc:subfield></marc:datafield><marc:datafield tag="856" ind1="4" ind2="2"><marc:subfield code="y">Inhaltsverzeichnis</marc:subfield><marc:subfield code="u">http://www.gbv.de/dms/bowker/toc/9781590595312.pdf</marc:subfield><marc:subfield code="m">V:DE-601;Bowker</marc:subfield><marc:subfield code="3">Inhaltsverzeichnis</marc:subfield></marc:datafield><marc:datafield tag="856" ind1="4" ind2="2"><marc:subfield code="y">C</marc:subfield><marc:subfield code="u">http://www.ciando.com/img/books/width167/1430200898_k.jpg</marc:subfield><marc:subfield code="m">CIANDO</marc:subfield><marc:subfield code="3">Cover</marc:subfield></marc:datafield><marc:datafield tag="856" ind1="4" ind2="2"><marc:subfield code="y">C</marc:subfield><marc:subfield code="u">http://www.ciando.com/pictures/bib/1430200898bib_t_1.jpg</marc:subfield><marc:subfield code="m">CIANDO</marc:subfield><marc:subfield code="3">Cover</marc:subfield></marc:datafield><marc:datafield tag="900" ind1=" " ind2=" "><marc:subfield code="a">GBV</marc:subfield><marc:subfield code="b">Ressortbibliotheken des BMEL</marc:subfield><marc:subfield code="d">!Thünen-Institut! Online-Ressource</marc:subfield><marc:subfield code="x">N</marc:subfield><marc:subfield code="z">N</marc:subfield><marc:subfield code="f">Ebook noch nicht erworben! Nach dem Kauf: Vervielfältigungen (z. B. Kopien, Downloads) sind nur von einzelnen Kapiteln oder Seiten und nur zum eigenen wissenschaftlichen Gebrauch erlaubt. Keine Weitergabe an Dritte.</marc:subfield></marc:datafield><marc:datafield tag="912" ind1=" " ind2=" "><marc:subfield code="a">ZDB-4-NLEBK</marc:subfield></marc:datafield><marc:datafield tag="912" ind1=" " ind2=" "><marc:subfield code="a">ZDB-22-CAN</marc:subfield></marc:datafield><marc:datafield tag="912" ind1=" " ind2=" "><marc:subfield code="a">ZDB-89-EBL</marc:subfield></marc:datafield><marc:datafield tag="950" ind1=" " ind2=" "><marc:subfield code="a">Computer Informatik</marc:subfield><marc:subfield code="2">ciando</marc:subfield></marc:datafield><marc:datafield tag="950" ind1=" " ind2=" "><marc:subfield code="a">Computer Einsteiger / Grundlagen</marc:subfield><marc:subfield code="2">ciando</marc:subfield></marc:datafield><marc:datafield tag="954" ind1=" " ind2=" "><marc:subfield code="a">252</marc:subfield><marc:subfield code="b">1424016932</marc:subfield><marc:subfield code="c">01</marc:subfield><marc:subfield code="f">Thünen-Institut</marc:subfield><marc:subfield code="d">Online-Ressource</marc:subfield><marc:subfield code="e">g</marc:subfield><marc:subfield code="k">Ebook noch nicht erworben! Nach dem Kauf: Vervielfältigungen (z. B. Kopien, Downloads) sind nur von einzelnen Kapiteln oder Seiten und nur zum eigenen wissenschaftlichen Gebrauch erlaubt. Keine Weitergabe an Dritte.</marc:subfield><marc:subfield code="x">4252</marc:subfield></marc:datafield></marc:record>