
<marc:record><marc:leader>02384nmm a2200601 c 4500</marc:leader>
<marc:controlfield tag="001">509765572</marc:controlfield>
<marc:controlfield tag="003">DE-601</marc:controlfield><marc:controlfield tag="005">20121231031452.0</marc:controlfield><marc:controlfield tag="007">cu uuu---uuuuu</marc:controlfield><marc:controlfield tag="008">060329s2006    gw            000 0 ger d</marc:controlfield><marc:datafield tag="015" ind1=" " ind2=" "><marc:subfield code="a">06N150044</marc:subfield><marc:subfield code="2">dnb</marc:subfield></marc:datafield><marc:datafield tag="015" ind1=" " ind2=" "><marc:subfield code="a">06A310058</marc:subfield><marc:subfield code="2">dnb</marc:subfield></marc:datafield><marc:datafield tag="016" ind1="7" ind2=" "><marc:subfield code="a">978974174</marc:subfield><marc:subfield code="2">DE-101</marc:subfield></marc:datafield><marc:datafield tag="020" ind1=" " ind2=" "><marc:subfield code="a">3939520071</marc:subfield><marc:subfield code="c">EUR 24.95 (DE)</marc:subfield><marc:subfield code="9">3-939520-07-1</marc:subfield></marc:datafield><marc:datafield tag="020" ind1=" " ind2=" "><marc:subfield code="a">9783939520078</marc:subfield><marc:subfield code="9">978-3-939520-07-8</marc:subfield></marc:datafield><marc:datafield tag="024" ind1="3" ind2=" "><marc:subfield code="a">9783939520078</marc:subfield></marc:datafield><marc:datafield tag="024" ind1="8" ind2=" "><marc:subfield code="a">STHANT00590906</marc:subfield></marc:datafield><marc:datafield tag="035" ind1=" " ind2=" "><marc:subfield code="a">(OCoLC)181554064</marc:subfield></marc:datafield><marc:datafield tag="035" ind1=" " ind2=" "><marc:subfield code="a">T00590906</marc:subfield></marc:datafield><marc:datafield tag="040" ind1=" " ind2=" "><marc:subfield code="a">GBVCP</marc:subfield><marc:subfield code="b">ger</marc:subfield><marc:subfield code="c">GBVCP</marc:subfield><marc:subfield code="e">rakwb</marc:subfield></marc:datafield><marc:datafield tag="041" ind1="0" ind2=" "><marc:subfield code="a">ger</marc:subfield></marc:datafield><marc:datafield tag="082" ind1="0" ind2="9"><marc:subfield code="a">004</marc:subfield></marc:datafield><marc:datafield tag="084" ind1=" " ind2=" "><marc:subfield code="a">EDV 953,3</marc:subfield><marc:subfield code="2">sfb</marc:subfield></marc:datafield><marc:datafield tag="084" ind1=" " ind2=" "><marc:subfield code="a">EDV 881 APA</marc:subfield><marc:subfield code="2">sfb</marc:subfield></marc:datafield><marc:datafield tag="245" ind1="0" ind2="0"><marc:subfield code="a">WebSite-Administration &amp; Grundlagen Apache</marc:subfield><marc:subfield code="h">Elektronische Ressource</marc:subfield><marc:subfield code="b">eBook</marc:subfield><marc:subfield code="c">Sun Microsystems</marc:subfield></marc:datafield><marc:datafield tag="246" ind1="3" ind2=" "><marc:subfield code="a">WebSite-Administration und Grundlagen Apache</marc:subfield></marc:datafield><marc:datafield tag="260" ind1="3" ind2=" "><marc:subfield code="a">Berlin</marc:subfield><marc:subfield code="b">TEIA, Internet-Akad., Lehrbuch-Verl.</marc:subfield><marc:subfield code="c">2006</marc:subfield></marc:datafield><marc:datafield tag="300" ind1=" " ind2=" "><marc:subfield code="a">1 CD-ROM</marc:subfield><marc:subfield code="c">12 cm, in Behältnis 19 x 14 x 2 cm, 108 gr</marc:subfield></marc:datafield><marc:datafield tag="500" ind1=" " ind2=" "><marc:subfield code="a">Titel auf dem Behältnis</marc:subfield></marc:datafield><marc:datafield tag="538" ind1=" " ind2=" "><marc:subfield code="a">Systemvoraussetzungen; MS Internet Explorer 6 oder höher, Firefox 1.0 oder höher, Javascript aktivieren; </marc:subfield></marc:datafield><marc:datafield tag="650" ind1=" " ind2="7"><marc:subfield code="0">(DE-601)230614574</marc:subfield><marc:subfield code="0">(DE-588)4460947-4</marc:subfield><marc:subfield code="a">Apache</marc:subfield><marc:subfield code="9">g:Programm</marc:subfield><marc:subfield code="2">gnd</marc:subfield></marc:datafield><marc:datafield tag="650" ind1=" " ind2="7"><marc:subfield code="0">(DE-601)181366924</marc:subfield><marc:subfield code="0">(DE-588)4363898-3</marc:subfield><marc:subfield code="a">World Wide Web</marc:subfield><marc:subfield code="2">gnd</marc:subfield></marc:datafield><marc:datafield tag="650" ind1=" " ind2="7"><marc:subfield code="0">(DE-601)222531991</marc:subfield><marc:subfield code="0">(DE-588)4435301-7</marc:subfield><marc:subfield code="a">CGI</marc:subfield><marc:subfield code="9">g:Gateway</marc:subfield><marc:subfield code="2">gnd</marc:subfield></marc:datafield><marc:datafield tag="650" ind1=" " ind2="7"><marc:subfield code="0">(DE-601)123519713</marc:subfield><marc:subfield code="0">(DE-588)4307836-9</marc:subfield><marc:subfield code="a">Perl</marc:subfield><marc:subfield code="9">g:Programmiersprache</marc:subfield><marc:subfield code="2">gnd</marc:subfield></marc:datafield><marc:datafield tag="650" ind1=" " ind2="7"><marc:subfield code="0">(DE-601)32609296X</marc:subfield><marc:subfield code="0">(DE-588)4596172-4</marc:subfield><marc:subfield code="a">Website</marc:subfield><marc:subfield code="2">gnd</marc:subfield></marc:datafield><marc:datafield tag="653" ind1=" " ind2="7"><marc:subfield code="a">CD-ROM</marc:subfield><marc:subfield code="2">gnd</marc:subfield></marc:datafield><marc:datafield tag="653" ind1=" " ind2="7"><marc:subfield code="a">CD-ROM</marc:subfield><marc:subfield code="2">gnd</marc:subfield></marc:datafield><marc:datafield tag="653" ind1=" " ind2="7"><marc:subfield code="a">CD-ROM</marc:subfield><marc:subfield code="2">gnd</marc:subfield></marc:datafield><marc:datafield tag="689" ind1="0" ind2="0"><marc:subfield code="0">(DE-601)230614574</marc:subfield><marc:subfield code="0">(DE-588)4460947-4</marc:subfield><marc:subfield code="a">Apache</marc:subfield><marc:subfield code="9">g:Programm</marc:subfield></marc:datafield><marc:datafield tag="689" ind1="0" ind2="1"><marc:subfield code="a">CD-ROM</marc:subfield></marc:datafield><marc:datafield tag="689" ind1="0" ind2=" "><marc:subfield code="5">DE-101</marc:subfield></marc:datafield><marc:datafield tag="689" ind1="1" ind2="0"><marc:subfield code="0">(DE-601)181366924</marc:subfield><marc:subfield code="0">(DE-588)4363898-3</marc:subfield><marc:subfield code="a">World Wide Web</marc:subfield></marc:datafield><marc:datafield tag="689" ind1="1" ind2="1"><marc:subfield code="0">(DE-601)222531991</marc:subfield><marc:subfield code="0">(DE-588)4435301-7</marc:subfield><marc:subfield code="a">CGI</marc:subfield><marc:subfield code="9">g:Gateway</marc:subfield></marc:datafield><marc:datafield tag="689" ind1="1" ind2="2"><marc:subfield code="0">(DE-601)123519713</marc:subfield><marc:subfield code="0">(DE-588)4307836-9</marc:subfield><marc:subfield code="a">Perl</marc:subfield><marc:subfield code="9">g:Programmiersprache</marc:subfield></marc:datafield><marc:datafield tag="689" ind1="1" ind2="3"><marc:subfield code="a">CD-ROM</marc:subfield></marc:datafield><marc:datafield tag="689" ind1="1" ind2=" "><marc:subfield code="5">DE-101</marc:subfield></marc:datafield><marc:datafield tag="689" ind1="2" ind2="0"><marc:subfield code="0">(DE-601)32609296X</marc:subfield><marc:subfield code="0">(DE-588)4596172-4</marc:subfield><marc:subfield code="a">Website</marc:subfield></marc:datafield><marc:datafield tag="689" ind1="2" ind2="1"><marc:subfield code="a">CD-ROM</marc:subfield></marc:datafield><marc:datafield tag="689" ind1="2" ind2=" "><marc:subfield code="5">DE-101</marc:subfield></marc:datafield><marc:datafield tag="710" ind1="2" ind2=" "><marc:subfield code="a">Sun Microsystems GmbH</marc:subfield><marc:subfield code="g">Kirchheim b. München</marc:subfield><marc:subfield code="0">(DE-601)34851784X</marc:subfield><marc:subfield code="0">(DE-588)10038575-8</marc:subfield></marc:datafield><marc:datafield tag="856" ind1="4" ind2="2"><marc:subfield code="u">http://deposit.ddb.de/cgi-bin/dokserv?id=2786066&amp;prov=M&amp;dok_var=1&amp;dok_ext=htm</marc:subfield></marc:datafield><marc:datafield tag="900" ind1=" " ind2=" "><marc:subfield code="a">GBV</marc:subfield><marc:subfield code="b">StB Hannover &lt;115&gt;</marc:subfield><marc:subfield code="d">EDV 953,3/26</marc:subfield><marc:subfield code="x">L</marc:subfield><marc:subfield code="z">LC</marc:subfield></marc:datafield><marc:datafield tag="954" ind1=" " ind2=" "><marc:subfield code="a">78</marc:subfield><marc:subfield code="b">1211962768</marc:subfield><marc:subfield code="c">01</marc:subfield><marc:subfield code="d">EDV 953,3/26</marc:subfield><marc:subfield code="e">u</marc:subfield><marc:subfield code="x">0115</marc:subfield></marc:datafield></marc:record>