
<marc:record><marc:leader>01812nam a2200421 c 4500</marc:leader>
<marc:controlfield tag="001">500299242</marc:controlfield>
<marc:controlfield tag="003">DE-601</marc:controlfield><marc:controlfield tag="005">20140913233619.0</marc:controlfield><marc:controlfield tag="008">050927s2006    xxu           000 0 eng d</marc:controlfield><marc:datafield tag="016" ind1="7" ind2=" "><marc:subfield code="a">013-73295</marc:subfield><marc:subfield code="2">UK</marc:subfield></marc:datafield><marc:datafield tag="016" ind1="7" ind2=" "><marc:subfield code="a">GBA-74459</marc:subfield><marc:subfield code="2">UK</marc:subfield></marc:datafield><marc:datafield tag="020" ind1=" " ind2=" "><marc:subfield code="a">1593270623 (pbk.)</marc:subfield><marc:subfield code="c">$ 29.95</marc:subfield><marc:subfield code="9">1-59327-062-3</marc:subfield></marc:datafield><marc:datafield tag="020" ind1=" " ind2=" "><marc:subfield code="a">9781593270629 (pbk.)</marc:subfield><marc:subfield code="c">$ 29.95</marc:subfield><marc:subfield code="9">978-1-59327-062-9</marc:subfield></marc:datafield><marc:datafield tag="035" ind1=" " ind2=" "><marc:subfield code="a">(OCoLC)835540053</marc:subfield></marc:datafield><marc:datafield tag="035" ind1=" " ind2=" "><marc:subfield code="a">(DE-599)GBV500299242</marc:subfield></marc:datafield><marc:datafield tag="040" ind1=" " ind2=" "><marc:subfield code="a">GBVCP</marc:subfield><marc:subfield code="b">ger</marc:subfield><marc:subfield code="c">GBVCP</marc:subfield><marc:subfield code="e">rakwb</marc:subfield></marc:datafield><marc:datafield tag="041" ind1="0" ind2=" "><marc:subfield code="a">eng</marc:subfield></marc:datafield><marc:datafield tag="050" ind1=" " ind2="0"><marc:subfield code="a">QA76.73.P22</marc:subfield></marc:datafield><marc:datafield tag="082" ind1="0" ind2="0"><marc:subfield code="a">005.133</marc:subfield></marc:datafield><marc:datafield tag="084" ind1=" " ind2=" "><marc:subfield code="a">54.53</marc:subfield><marc:subfield code="9">Programmiersprachen</marc:subfield><marc:subfield code="2">bcl</marc:subfield></marc:datafield><marc:datafield tag="084" ind1=" " ind2=" "><marc:subfield code="a">54.65</marc:subfield><marc:subfield code="9">Webentwicklung</marc:subfield><marc:subfield code="2">bcl</marc:subfield></marc:datafield><marc:datafield tag="088" ind1=" " ind2=" "><marc:subfield code="a">  2005026999</marc:subfield></marc:datafield><marc:datafield tag="100" ind1="1" ind2=" "><marc:subfield code="a">Oualline, Steve</marc:subfield></marc:datafield><marc:datafield tag="245" ind1="1" ind2="0"><marc:subfield code="a">Wicked cool Perl scripts</marc:subfield><marc:subfield code="b">useful Perl scripts that solve difficult problems</marc:subfield><marc:subfield code="c">by Steve Oualline</marc:subfield></marc:datafield><marc:datafield tag="260" ind1="3" ind2=" "><marc:subfield code="a">San Francisco, Calif.</marc:subfield><marc:subfield code="b">No Starch Press</marc:subfield><marc:subfield code="c">c 2006</marc:subfield></marc:datafield><marc:datafield tag="300" ind1=" " ind2=" "><marc:subfield code="a">XVII, 312 S</marc:subfield><marc:subfield code="b">Ill., graph. Darst.</marc:subfield><marc:subfield code="c">24 cm</marc:subfield></marc:datafield><marc:datafield tag="650" ind1=" " ind2="0"><marc:subfield code="a">Perl (Computer program language)</marc:subfield></marc:datafield><marc:datafield tag="650" ind1=" " ind2="0"><marc:subfield code="a">Object-oriented programming (Computer science)</marc:subfield></marc:datafield><marc:datafield tag="650" ind1=" " ind2="7"><marc:subfield code="0">(DE-601)123519713</marc:subfield><marc:subfield code="0">(DE-588)4307836-9</marc:subfield><marc:subfield code="a">Perl</marc:subfield><marc:subfield code="9">g:Programmiersprache</marc:subfield><marc:subfield code="2">gbv</marc:subfield></marc:datafield><marc:datafield tag="653" ind1=" " ind2="0"><marc:subfield code="a">Perl (Computer program language)</marc:subfield></marc:datafield><marc:datafield tag="653" ind1=" " ind2="0"><marc:subfield code="a">Object-oriented programming (Computer science)</marc:subfield></marc:datafield><marc:datafield tag="856" ind1="4" ind2="2"><marc:subfield code="y">Table of contents</marc:subfield><marc:subfield code="u">http://www.loc.gov/catdir/toc/ecip0519/2005026999.html</marc:subfield><marc:subfield code="3">Table of contents</marc:subfield></marc:datafield><marc:datafield tag="856" ind1="4" ind2="2"><marc:subfield code="y">Publisher description</marc:subfield><marc:subfield code="u">http://www.loc.gov/catdir/enhancements/fy0715/2005026999-d.html</marc:subfield><marc:subfield code="3">Publisher description</marc:subfield></marc:datafield><marc:datafield tag="856" ind1="4" ind2="2"><marc:subfield code="y">Inhaltsverzeichnis</marc:subfield><marc:subfield code="u">http://www.gbv.de/dms/bowker/toc/9781593270629.pdf</marc:subfield><marc:subfield code="m">V:DE-601;Bowker</marc:subfield><marc:subfield code="3">Inhaltsverzeichnis</marc:subfield></marc:datafield><marc:datafield tag="900" ind1=" " ind2=" "><marc:subfield code="a">GBV</marc:subfield><marc:subfield code="b">TUB Hamburg &lt;830&gt;</marc:subfield><marc:subfield code="d">!TI! TII-190</marc:subfield><marc:subfield code="d">2827-6285</marc:subfield></marc:datafield><marc:datafield tag="900" ind1=" " ind2=" "><marc:subfield code="a">GBV</marc:subfield><marc:subfield code="b">TIB/UB Hannover &lt;89&gt;</marc:subfield><marc:subfield code="d">T 06 B 2993</marc:subfield><marc:subfield code="x">L</marc:subfield><marc:subfield code="z">LC</marc:subfield></marc:datafield><marc:datafield tag="954" ind1=" " ind2=" "><marc:subfield code="a">23</marc:subfield><marc:subfield code="b">828674639</marc:subfield><marc:subfield code="c">01</marc:subfield><marc:subfield code="f">TI</marc:subfield><marc:subfield code="d">TII-190</marc:subfield><marc:subfield code="d">2827-6285</marc:subfield><marc:subfield code="x">0830</marc:subfield></marc:datafield><marc:datafield tag="954" ind1=" " ind2=" "><marc:subfield code="a">70</marc:subfield><marc:subfield code="b">754383024</marc:subfield><marc:subfield code="c">01</marc:subfield><marc:subfield code="d">T 06 B 2993</marc:subfield><marc:subfield code="e">u</marc:subfield><marc:subfield code="x">0089</marc:subfield></marc:datafield></marc:record>