
<marc:record><marc:leader>06499nmm a2200745 c 4500</marc:leader>
<marc:controlfield tag="001">76666273X</marc:controlfield>
<marc:controlfield tag="003">DE-601</marc:controlfield><marc:controlfield tag="005">20150319010516.0</marc:controlfield><marc:controlfield tag="007">cr uuu---uuuuu</marc:controlfield><marc:controlfield tag="008">130902s2005    gw            000 0 eng d</marc:controlfield><marc:datafield tag="020" ind1=" " ind2=" "><marc:subfield code="a">9783540268604</marc:subfield><marc:subfield code="9">978-3-540-26860-4</marc:subfield></marc:datafield><marc:datafield tag="020" ind1=" " ind2=" "><marc:subfield code="a">9783540208655</marc:subfield><marc:subfield code="9">978-3-540-20865-5</marc:subfield></marc:datafield><marc:datafield tag="024" ind1="7" ind2=" "><marc:subfield code="a">10.1007/978-3-540-26860-4</marc:subfield><marc:subfield code="2">doi</marc:subfield></marc:datafield><marc:datafield tag="035" ind1=" " ind2=" "><marc:subfield code="a">(ZBM)1074.68528</marc:subfield></marc:datafield><marc:datafield tag="035" ind1=" " ind2=" "><marc:subfield code="a">978-3-540-26860-4</marc:subfield></marc:datafield><marc:datafield tag="035" ind1=" " ind2=" "><marc:subfield code="a">(OCoLC)ocn262680611</marc:subfield></marc:datafield><marc:datafield tag="035" ind1=" " ind2=" "><marc:subfield code="a">(OCoLC)262680611</marc:subfield></marc:datafield><marc:datafield tag="035" ind1=" " ind2=" "><marc:subfield code="a">(DE-599)GBV76666273X</marc:subfield></marc:datafield><marc:datafield tag="040" ind1=" " ind2=" "><marc:subfield code="a">GBVCP</marc:subfield><marc:subfield code="b">ger</marc:subfield><marc:subfield code="c">GBVCP</marc:subfield><marc:subfield code="e">rakwb</marc:subfield></marc:datafield><marc:datafield tag="041" ind1="0" ind2=" "><marc:subfield code="a">eng</marc:subfield></marc:datafield><marc:datafield tag="050" ind1=" " ind2="0"><marc:subfield code="a">QA76.758</marc:subfield></marc:datafield><marc:datafield tag="082" ind1="0" ind2="0"><marc:subfield code="a">005.1</marc:subfield></marc:datafield><marc:datafield tag="082" ind1="0" ind2="9"><marc:subfield code="a">004</marc:subfield></marc:datafield><marc:datafield tag="084" ind1=" " ind2=" "><marc:subfield code="a">ST 250 P30</marc:subfield><marc:subfield code="2">rvk</marc:subfield></marc:datafield><marc:datafield tag="084" ind1=" " ind2=" "><marc:subfield code="a">mat</marc:subfield><marc:subfield code="q">DE-601</marc:subfield><marc:subfield code="2">z</marc:subfield></marc:datafield><marc:datafield tag="100" ind1="1" ind2=" "><marc:subfield code="a">Gunther, Neil J.</marc:subfield><marc:subfield code="e">author.</marc:subfield></marc:datafield><marc:datafield tag="245" ind1="1" ind2="0"><marc:subfield code="a">Analyzing Computer System Performance with Perl::PDQ</marc:subfield><marc:subfield code="h">Elektronische Ressource</marc:subfield><marc:subfield code="c">by Neil J. Gunther</marc:subfield></marc:datafield><marc:datafield tag="260" ind1="3" ind2=" "><marc:subfield code="a">Berlin, Heidelberg</marc:subfield><marc:subfield code="b">Springer-Verlag Berlin Heidelberg</marc:subfield><marc:subfield code="c">2005</marc:subfield></marc:datafield><marc:datafield tag="300" ind1=" " ind2=" "><marc:subfield code="a">Online-Ressource</marc:subfield><marc:subfield code="b">v.: digital</marc:subfield></marc:datafield><marc:datafield tag="500" ind1=" " ind2=" "><marc:subfield code="a">Includes bibliographical references (p. [421]-426) and index</marc:subfield></marc:datafield><marc:datafield tag="505" ind1="0" ind2=" "><marc:subfield code="a">Part I System Theory: Time - The Zeroth Performance Metric; Getting the Jump on Queueing; Queueing Systems for Computer Systems; Linux Load Average - Take a Load Off!; Performance Bounds and Log JamsPart II System Practice: Pretty Damn Quick: A Slow Introduction; Analyzing Multicomputer Architectures; How to Measure an Elephant with PDQ; Analyzing Client/Server Applications; Analyzing Web Applications with PDQ -- Part III Appendices: Glossary of Terms; A Short History of Buffers; Thanks for the (Lack of) Memories; Performance Metrics and Tools; List of Programs; Compendium of Queueing Equations; Solutions to Selected Exercises -- References -- Index..</marc:subfield></marc:datafield><marc:datafield tag="520" ind1=" " ind2=" "><marc:subfield code="a">Analyzing computer system performance is often regarded by most system administrators, IT professionals and software engineers as a black art that is too time consuming to learn and apply. Finally, this book by acclaimed performance analyst Dr. Neil Gunther makes this subject understandable and applicable through programmatic examples. The means to this end is the open-source performance analyzer Pretty Damn Quick (PDQ) written in Perl and available for download from the author’s Website: www.perfdynamics.com. As the epigraph in this book points out, Common sense is the pitfall of performance analysis. The performance analysis framework that replaces common sense is revealed in the first few chapters of Part I. The important queueing concepts embedded in PDQ are explained in a very simple style that does not require any knowledge of formal probability theory. Part II begins with a full specification of how to set up and use PDQ replete with examples written in Perl. Subsequent chapters present applications of PDQ to the performance analysis of multicomputer architectures, benchmark results, client/server scalability, and Web-based applications. The examples are not mere academic toys but are based on the author's experience analyzing the performance of large-scale systems over the past 20 years. By following his lead, you will quickly be able to set up your own Perl scripts for collecting data and exploring performance-by-design alternatives without inflating your manager’s schedule</marc:subfield></marc:datafield><marc:datafield tag="533" ind1=" " ind2=" "><marc:subfield code="a">Online-Ausg.</marc:subfield><marc:subfield code="f">Springer eBook Collection. Computer Science</marc:subfield></marc:datafield><marc:datafield tag="650" ind1=" " ind2="0"><marc:subfield code="a">Computer science</marc:subfield></marc:datafield><marc:datafield tag="650" ind1=" " ind2="0"><marc:subfield code="a">Computer system performance</marc:subfield></marc:datafield><marc:datafield tag="650" ind1=" " ind2="0"><marc:subfield code="a">Software engineering</marc:subfield></marc:datafield><marc:datafield tag="650" ind1=" " ind2="0"><marc:subfield code="a">Operating systems (Computers)</marc:subfield></marc:datafield><marc:datafield tag="650" ind1=" " ind2="0"><marc:subfield code="a">Information Systems</marc:subfield></marc:datafield><marc:datafield tag="650" ind1=" " ind2="7"><marc:subfield code="0">(DE-601)104131403</marc:subfield><marc:subfield code="0">(DE-588)4070085-9</marc:subfield><marc:subfield code="a">Rechnernetz</marc:subfield><marc:subfield code="2">gbv</marc:subfield></marc:datafield><marc:datafield tag="650" ind1=" " ind2="7"><marc:subfield code="0">(DE-601)104677678</marc:subfield><marc:subfield code="0">(DE-588)4257084-0</marc:subfield><marc:subfield code="a">Systemverwaltung</marc:subfield><marc:subfield code="2">gbv</marc:subfield></marc:datafield><marc:datafield tag="650" ind1=" " ind2="7"><marc:subfield code="0">(DE-601)128436956</marc:subfield><marc:subfield code="0">(DE-588)4323960-2</marc:subfield><marc:subfield code="a">Lastteilung</marc:subfield><marc:subfield code="2">gbv</marc:subfield></marc:datafield><marc:datafield tag="650" ind1=" " ind2="7"><marc:subfield code="0">(DE-601)270783016</marc:subfield><marc:subfield code="0">(DE-588)4548264-0</marc:subfield><marc:subfield code="a">Open Source</marc:subfield><marc:subfield code="2">gbv</marc:subfield></marc:datafield><marc:datafield tag="650" ind1=" " ind2="7"><marc:subfield code="0">(DE-601)123519713</marc:subfield><marc:subfield code="0">(DE-588)4307836-9</marc:subfield><marc:subfield code="a">Perl</marc:subfield><marc:subfield code="9">g:Programmiersprache</marc:subfield><marc:subfield code="2">gbv</marc:subfield></marc:datafield><marc:datafield tag="653" ind1=" " ind2="0"><marc:subfield code="a">Computer science</marc:subfield></marc:datafield><marc:datafield tag="653" ind1=" " ind2="0"><marc:subfield code="a">Computer system performance</marc:subfield></marc:datafield><marc:datafield tag="653" ind1=" " ind2="0"><marc:subfield code="a">Software engineering</marc:subfield></marc:datafield><marc:datafield tag="653" ind1=" " ind2="0"><marc:subfield code="a">Operating systems (Computers)</marc:subfield></marc:datafield><marc:datafield tag="653" ind1=" " ind2="0"><marc:subfield code="a">Information Systems</marc:subfield></marc:datafield><marc:datafield tag="787" ind1="0" ind2="8"><marc:subfield code="i">Print version: </marc:subfield><marc:subfield code="t">Analyzing computer system performance with PERL::PDQ</marc:subfield></marc:datafield><marc:datafield tag="856" ind1="4" ind2="1"><marc:subfield code="u">http://gbv.eblib.com/patron/FullRecord.aspx?p=303884</marc:subfield><marc:subfield code="3">Volltext</marc:subfield></marc:datafield><marc:datafield tag="856" ind1="4" ind2="0"><marc:subfield code="u">http://dx.doi.org/10.1007/b138212</marc:subfield></marc:datafield><marc:datafield tag="856" ind1="4" ind2="0"><marc:subfield code="u">http://site.ebrary.com/lib/alltitles/docDetail.action?docID=10142976</marc:subfield></marc:datafield><marc:datafield tag="856" ind1="4" ind2="1"><marc:subfield code="u">http://ebooks.ciando.com/book/index.cfm/bok_id/21254</marc:subfield><marc:subfield code="m">CIANDO</marc:subfield><marc:subfield code="3">Volltext</marc:subfield></marc:datafield><marc:datafield tag="856" ind1="4" ind2="0"><marc:subfield code="u">http://dx.doi.org/10.1007/978-3-540-26860-4</marc:subfield></marc:datafield><marc:datafield tag="856" ind1="4" ind2="1"><marc:subfield code="u">http://search.ebscohost.com/login.aspx?direct=true&amp;scope=site&amp;db=nlebk&amp;db=nlabk&amp;AN=145786</marc:subfield><marc:subfield code="3">Volltext</marc:subfield></marc:datafield><marc:datafield tag="856" ind1="4" ind2="2"><marc:subfield code="y">Inhaltsverzeichnis</marc:subfield><marc:subfield code="u">http://www.gbv.de/dms/bowker/toc/9783540208655.pdf</marc:subfield><marc:subfield code="m">V:DE-601;Bowker</marc:subfield><marc:subfield code="3">Inhaltsverzeichnis</marc:subfield></marc:datafield><marc:datafield tag="856" ind1="4" ind2="2"><marc:subfield code="y">Zentralblatt MATH</marc:subfield><marc:subfield code="u">http://zbmath.org/?q=an:1074.68528</marc:subfield><marc:subfield code="m">V:DE-601;ZBM</marc:subfield><marc:subfield code="3">Inhaltstext</marc:subfield></marc:datafield><marc:datafield tag="900" ind1=" " ind2=" "><marc:subfield code="a">GBV</marc:subfield><marc:subfield code="b">TUB Hamburg &lt;830&gt;</marc:subfield><marc:subfield code="f">Vervielfältigungen (z.B. Kopien, Downloads) sind nur von einzelnen Kapiteln oder Seiten und nur zum eigenen wissenschaftlichen Gebrauch erlaubt. Keine Weitergabe an Dritte. Kein systematisches Downloaden durch Robots.</marc:subfield></marc:datafield><marc:datafield tag="900" ind1=" " ind2=" "><marc:subfield code="a">GBV</marc:subfield><marc:subfield code="b">ZHSB Lübeck &lt;841&gt;</marc:subfield><marc:subfield code="f">Campuslizenz Universität / Fachhochschule Lübeck. - Vervielfältigungen (z.B. Kopien, Downloads) sind nur von einzelnen Kapiteln oder Seiten und nur zum eigenen wissenschaftlichen Gebrauch erlaubt. Keine Weitergabe an Dritte. Kein systematisches Downloaden durch Robots.</marc:subfield></marc:datafield><marc:datafield tag="900" ind1=" " ind2=" "><marc:subfield code="a">GBV</marc:subfield><marc:subfield code="b">UB Osnabrück &lt;700&gt;</marc:subfield><marc:subfield code="f">Vervielfältigungen (z. B. Kopien, Downloads) nur für den eigenen wissenschaftlichen Gebrauch. Keine Weitergabe an Dritte. Kein systematisches Downloaden durch Robots</marc:subfield></marc:datafield><marc:datafield tag="912" ind1=" " ind2=" "><marc:subfield code="a">ZDB-2-SCS</marc:subfield><marc:subfield code="b">2005</marc:subfield></marc:datafield><marc:datafield tag="912" ind1=" " ind2=" "><marc:subfield code="a">ZDB-4-NLEBK</marc:subfield></marc:datafield><marc:datafield tag="954" ind1=" " ind2=" "><marc:subfield code="a">23</marc:subfield><marc:subfield code="b">1430713372</marc:subfield><marc:subfield code="c">01</marc:subfield><marc:subfield code="k">Vervielfältigungen (z.B. Kopien, Downloads) sind nur von einzelnen Kapiteln oder Seiten und nur zum eigenen wissenschaftlichen Gebrauch erlaubt. Keine Weitergabe an Dritte. Kein systematisches Downloaden durch Robots.</marc:subfield><marc:subfield code="x">0830</marc:subfield></marc:datafield><marc:datafield tag="954" ind1=" " ind2=" "><marc:subfield code="a">105</marc:subfield><marc:subfield code="b">1430750766</marc:subfield><marc:subfield code="c">01</marc:subfield><marc:subfield code="k">Campuslizenz Universität / Fachhochschule Lübeck. - Vervielfältigungen (z.B. Kopien, Downloads) sind nur von einzelnen Kapiteln oder Seiten und nur zum eigenen wissenschaftlichen Gebrauch erlaubt. Keine Weitergabe an Dritte. Kein systematisches Downloaden durch Robots.</marc:subfield><marc:subfield code="x">0841</marc:subfield></marc:datafield><marc:datafield tag="954" ind1=" " ind2=" "><marc:subfield code="a">130</marc:subfield><marc:subfield code="b">143074166X</marc:subfield><marc:subfield code="c">01</marc:subfield><marc:subfield code="k">Vervielfältigungen (z. B. Kopien, Downloads) nur für den eigenen wissenschaftlichen Gebrauch. Keine Weitergabe an Dritte. Kein systematisches Downloaden durch Robots</marc:subfield><marc:subfield code="x">0700</marc:subfield></marc:datafield></marc:record>