
<marc:record><marc:leader>02533nmm a2200481 c 4500</marc:leader>
<marc:controlfield tag="001">570662516</marc:controlfield>
<marc:controlfield tag="003">DE-601</marc:controlfield><marc:controlfield tag="005">20140512154943.0</marc:controlfield><marc:controlfield tag="007">cr uuu---uuuuu</marc:controlfield><marc:controlfield tag="008">080626s2005    xxu           000 0 eng d</marc:controlfield><marc:datafield tag="015" ind1=" " ind2=" "><marc:subfield code="a">05N200066</marc:subfield><marc:subfield code="2">dnb</marc:subfield></marc:datafield><marc:datafield tag="016" ind1="7" ind2=" "><marc:subfield code="a">974520802</marc:subfield><marc:subfield code="2">DE-101</marc:subfield></marc:datafield><marc:datafield tag="020" ind1=" " ind2=" "><marc:subfield code="a">0596101058</marc:subfield><marc:subfield code="9">0-596-10105-8</marc:subfield></marc:datafield><marc:datafield tag="020" ind1=" " ind2=" "><marc:subfield code="a">9780596101053</marc:subfield><marc:subfield code="9">978-0-596-10105-3</marc:subfield></marc:datafield><marc:datafield tag="024" ind1="8" ind2=" "><marc:subfield code="a">BSZT250017784</marc:subfield></marc:datafield><marc:datafield tag="035" ind1=" " ind2=" "><marc:subfield code="a">(DE-576)250017784</marc:subfield></marc:datafield><marc:datafield tag="035" ind1=" " ind2=" "><marc:subfield code="a">(DE-101)974520802</marc:subfield></marc:datafield><marc:datafield tag="035" ind1=" " ind2=" "><marc:subfield code="a">(DE-599)DNB974520802</marc:subfield></marc:datafield><marc:datafield tag="040" ind1=" " ind2=" "><marc:subfield code="a">GBVCP</marc:subfield><marc:subfield code="b">ger</marc:subfield><marc:subfield code="c">GBVCP</marc:subfield><marc:subfield code="e">rakwb</marc:subfield></marc:datafield><marc:datafield tag="041" ind1="0" ind2=" "><marc:subfield code="a">eng</marc:subfield></marc:datafield><marc:datafield tag="245" ind1="0" ind2="0"><marc:subfield code="a">Learning Perl</marc:subfield><marc:subfield code="h">Elektronische Ressource</marc:subfield><marc:subfield code="c">Randal L. Schwartz; Tom Phoenix; Brian D. Foy</marc:subfield></marc:datafield><marc:datafield tag="250" ind1=" " ind2=" "><marc:subfield code="a">4. ed.</marc:subfield></marc:datafield><marc:datafield tag="260" ind1="3" ind2=" "><marc:subfield code="a">Sebastopol, CA</marc:subfield><marc:subfield code="b">Safari Books Online</marc:subfield><marc:subfield code="c">2005</marc:subfield></marc:datafield><marc:datafield tag="260" ind1="3" ind2=" "><marc:subfield code="a">Beijing [u.a.]</marc:subfield><marc:subfield code="b">O'Reilly</marc:subfield></marc:datafield><marc:datafield tag="300" ind1=" " ind2=" "><marc:subfield code="a">Online-Ressource</marc:subfield></marc:datafield><marc:datafield tag="500" ind1=" " ind2=" "><marc:subfield code="a">In: Safari books online</marc:subfield></marc:datafield><marc:datafield tag="500" ind1=" " ind2=" "><marc:subfield code="a">Dateiformat: HTML</marc:subfield></marc:datafield><marc:datafield tag="533" ind1=" " ind2=" "><marc:subfield code="a">Online-Ausg.</marc:subfield><marc:subfield code="d">2005</marc:subfield><marc:subfield code="n">Available also in a print edition.</marc:subfield><marc:subfield code="n">Electronic reproduction; Available via World Wide Web</marc:subfield><marc:subfield code="7">|2005||||||||||</marc:subfield></marc:datafield><marc:datafield tag="650" ind1=" " ind2="0"><marc:subfield code="a">Perl (Computer program language)</marc:subfield></marc:datafield><marc:datafield tag="650" ind1=" " ind2="7"><marc:subfield code="0">(DE-601)123519713</marc:subfield><marc:subfield code="0">(DE-588)4307836-9</marc:subfield><marc:subfield code="a">Perl</marc:subfield><marc:subfield code="9">g:Programmiersprache</marc:subfield><marc:subfield code="2">gbv</marc:subfield></marc:datafield><marc:datafield tag="700" ind1="1" ind2=" "><marc:subfield code="a">Schwartz, Randal L.</marc:subfield></marc:datafield><marc:datafield tag="700" ind1="1" ind2=" "><marc:subfield code="a">Phoenix, Tom</marc:subfield></marc:datafield><marc:datafield tag="700" ind1="1" ind2=" "><marc:subfield code="a">Foy, Brian D.</marc:subfield></marc:datafield><marc:datafield tag="775" ind1="0" ind2="8"><marc:subfield code="i">Buchausg. u.d.T.</marc:subfield><marc:subfield code="t">Learning Perl</marc:subfield></marc:datafield><marc:datafield tag="856" ind1="4" ind2="0"><marc:subfield code="u">http://swbplus.bsz-bw.de/bsz250017784cov.htm</marc:subfield></marc:datafield><marc:datafield tag="856" ind1="4" ind2="0"><marc:subfield code="u">http://www.bsz-bw.de/rekla/show.php?mode=source&amp;eid=uni_0_250017784vlg</marc:subfield></marc:datafield><marc:datafield tag="856" ind1="4" ind2="1"><marc:subfield code="u">http://proquest.tech.safaribooksonline.de/0596101058</marc:subfield><marc:subfield code="z">Connect to this resource online</marc:subfield><marc:subfield code="3">Volltext</marc:subfield></marc:datafield><marc:datafield tag="856" ind1="4" ind2="2"><marc:subfield code="y">Inhaltsverzeichnis</marc:subfield><marc:subfield code="u">http://www.gbv.de/dms/bowker/toc/9780596101053.pdf</marc:subfield><marc:subfield code="m">V:DE-601;Bowker</marc:subfield><marc:subfield code="3">Inhaltsverzeichnis</marc:subfield></marc:datafield><marc:datafield tag="900" ind1=" " ind2=" "><marc:subfield code="a">GBV</marc:subfield><marc:subfield code="b">UB Kiel &lt;8&gt;</marc:subfield><marc:subfield code="f">Vervielfältigungen (z.B. Kopien, Downloads) sind nur von einzelnen Kapiteln oder Seiten und nur zum eigenen wissenschaftlichen Gebrauch erlaubt. Keine Weitergabe an Dritte. Kein systematisches Downloaden durch Robots</marc:subfield><marc:subfield code="f">Zugriff auf den Volltext nur für Universitätsangehörige innerhalb des Netzes der Universität Kiel (Campuslizenz)</marc:subfield></marc:datafield><marc:datafield tag="900" ind1=" " ind2=" "><marc:subfield code="a">GBV</marc:subfield><marc:subfield code="b">MPI ethnol. Forschung &lt;Ha 163&gt;</marc:subfield></marc:datafield><marc:datafield tag="912" ind1=" " ind2=" "><marc:subfield code="a">ZDB-32-STB</marc:subfield></marc:datafield><marc:datafield tag="954" ind1=" " ind2=" "><marc:subfield code="a">24</marc:subfield><marc:subfield code="b">1473378818</marc:subfield><marc:subfield code="c">01</marc:subfield><marc:subfield code="k">Vervielfältigungen (z.B. Kopien, Downloads) sind nur von einzelnen Kapiteln oder Seiten und nur zum eigenen wissenschaftlichen Gebrauch erlaubt. Keine Weitergabe an Dritte. Kein systematisches Downloaden durch Robots</marc:subfield><marc:subfield code="k">Zugriff auf den Volltext nur für Universitätsangehörige innerhalb des Netzes der Universität Kiel (Campuslizenz)</marc:subfield><marc:subfield code="x">0008</marc:subfield></marc:datafield><marc:datafield tag="954" ind1=" " ind2=" "><marc:subfield code="a">283</marc:subfield><marc:subfield code="b">1538067951</marc:subfield><marc:subfield code="c">01</marc:subfield><marc:subfield code="x">3283</marc:subfield></marc:datafield></marc:record>