
<marc:record><marc:leader>07796nmm a2200745 c 4500</marc:leader>
<marc:controlfield tag="001">570452910</marc:controlfield>
<marc:controlfield tag="003">DE-601</marc:controlfield><marc:controlfield tag="005">20140512174438.0</marc:controlfield><marc:controlfield tag="007">cr uuu---uuuuu</marc:controlfield><marc:controlfield tag="008">080626s2005    xxu           000 0 eng d</marc:controlfield><marc:datafield tag="020" ind1=" " ind2=" "><marc:subfield code="a">9780596004569</marc:subfield><marc:subfield code="9">978-0-596-00456-9</marc:subfield></marc:datafield><marc:datafield tag="020" ind1=" " ind2=" "><marc:subfield code="a">9780596004569</marc:subfield><marc:subfield code="9">978-0-596-00456-9</marc:subfield></marc:datafield><marc:datafield tag="024" ind1="8" ind2=" "><marc:subfield code="a">HBZTHT015517647</marc:subfield></marc:datafield><marc:datafield tag="035" ind1=" " ind2=" "><marc:subfield code="a">(DE-605)HT015517647</marc:subfield></marc:datafield><marc:datafield tag="035" ind1=" " ind2=" "><marc:subfield code="a">(ZBM)1091.68015</marc:subfield></marc:datafield><marc:datafield tag="035" ind1=" " ind2=" "><marc:subfield code="a">ebr10758587</marc:subfield></marc:datafield><marc:datafield tag="035" ind1=" " ind2=" "><marc:subfield code="a">(OCoLC)861530574</marc:subfield></marc:datafield><marc:datafield tag="035" ind1=" " ind2=" "><marc:subfield code="a">EBL540535</marc:subfield></marc:datafield><marc:datafield tag="035" ind1=" " ind2=" "><marc:subfield code="a">(OCoLC)863821345</marc:subfield></marc:datafield><marc:datafield tag="035" ind1=" " ind2=" "><marc:subfield code="a">(DE-599)HBZHT015517647</marc:subfield></marc:datafield><marc:datafield tag="040" ind1=" " ind2=" "><marc:subfield code="a">GBVCP</marc:subfield><marc:subfield code="b">ger</marc:subfield><marc:subfield code="c">GBVCP</marc:subfield><marc:subfield code="e">rakwb</marc:subfield></marc:datafield><marc:datafield tag="041" ind1="0" ind2=" "><marc:subfield code="a">eng</marc:subfield></marc:datafield><marc:datafield tag="050" ind1=" " ind2="0"><marc:subfield code="a">QA76.73 .P22  S655 2007</marc:subfield></marc:datafield><marc:datafield tag="082" ind1="0" ind2="0"><marc:subfield code="a">005.13/3</marc:subfield></marc:datafield><marc:datafield tag="084" ind1=" " ind2=" "><marc:subfield code="a">ST 250 P30</marc:subfield><marc:subfield code="2">rvk</marc:subfield></marc:datafield><marc:datafield tag="084" ind1=" " ind2=" "><marc:subfield code="a">mat</marc:subfield><marc:subfield code="q">DE-601</marc:subfield><marc:subfield code="2">z</marc:subfield></marc:datafield><marc:datafield tag="245" ind1="0" ind2="0"><marc:subfield code="a">Advanced Perl programming</marc:subfield><marc:subfield code="h">Elektronische Ressource</marc:subfield><marc:subfield code="c">by Simon Cozens</marc:subfield></marc:datafield><marc:datafield tag="250" ind1=" " ind2=" "><marc:subfield code="a">2nd ed.</marc:subfield></marc:datafield><marc:datafield tag="260" ind1="3" ind2=" "><marc:subfield code="a">Sebastopol, Calif.</marc:subfield><marc:subfield code="b">O'Reilly</marc:subfield><marc:subfield code="c">2005</marc:subfield></marc:datafield><marc:datafield tag="300" ind1=" " ind2=" "><marc:subfield code="a">Online-Ressource (304 S.)</marc:subfield></marc:datafield><marc:datafield tag="490" ind1="0" ind2=" "><marc:subfield code="a">Safari Tech Books Online</marc:subfield></marc:datafield><marc:datafield tag="500" ind1=" " ind2=" "><marc:subfield code="a">Parallel als Druckausg. erschienen</marc:subfield></marc:datafield><marc:datafield tag="505" ind1="0" ind2=" "><marc:subfield code="a">Table of Contents; Preface; Audience; Contents; Conventions Used in This Book; Using Code Examples; We'd Like to Hear from You; Safari® Enabled; Acknowledgments; Advanced Techniques; Introspection; Preparatory Work: Fun with Globs; Aliasing; Accessing parts of a glob; Creating subroutines with glob assignment; AUTOLOAD; CORE and CORE::GLOBAL; Case Study: Hook::LexWrap; Introspection with B; Messing with the Class Model; UNIVERSAL; Dynamic Method Resolution; Case Study: Singleton Methods; Unexpected Code; Overloading; Simple operator overloading; Other operator overloading.</marc:subfield></marc:datafield><marc:datafield tag="505" ind1="0" ind2=" "><marc:subfield code="a">Non-operator overloadingTime Shifting; Doing things now with eval/BEGIN; Doing things later with CHECK; Doing things at the end with DESTROY; Case study: Acme::Dot; Conclusion; Parsing Techniques; Parse::RecDescent Grammars; Simple Parsing with Parse::RecDescent; Types of match; Actions; Debugging; More Difficult Parsing; Commit, reject, and error; Syntactic whitespace; Automating the process; And much more...; Some Examples; Parsing iCalendar data; .procmailrc; Parse::Yapp; Other Parsing Techniques; HTML::Parser; XML Parsing; And Everything Else...; Conclusion; Templating Tools.</marc:subfield></marc:datafield><marc:datafield tag="505" ind1="0" ind2=" "><marc:subfield code="a">Formats and Text::AutoformatText::Autoformat; Text::Template; Loops, Arrays, and Hashes; Security and Error Checking; Text::Template Tricks; HTML::Template; Variables and Conditions; Loops; RSS Aggregation; HTML::Mason; Basic Components; Basic Dynamism; Perl Blocks; Our RSS Aggregator; Template Toolkit; Filters; Plugins; Components and Macros; The RSS Aggregator; AxKit; Conclusion; Objects, Databases, and Applications; Beyond Flat Files; Object Serialization; Our Schema and Classes; Dumping Data; Storing and Retrieving Data; The Pruning Problem; Multilevel DBMs; Pixie; Object Databases.</marc:subfield></marc:datafield><marc:datafield tag="505" ind1="0" ind2=" "><marc:subfield code="a">Object Database PitfallsTangram; Tangram CRUD: create, read, update, delete; Database Abstraction; Trivial Mapping; Class::DBI; Relationships; Class::DBI extensions; Other Contenders; Practical Uses in Web Applications; Class::DBI and the Template Toolkit; Maypole; Other Application Frameworks; Conclusion; Natural Language Tools; Perl and Natural Languages; Handling English Text; Pluralizations and Inflections; Converting Words to Numbers; Modules for Parsing English; Splitting Up Text; Stemming and Stopwording; Categorization and Extraction; Bayesian Analysis; Keyword Extraction and Summary.</marc:subfield></marc:datafield><marc:datafield tag="505" ind1="0" ind2=" "><marc:subfield code="a">Keyword extractionExtracting Names and Places; Conclusion; Perl and Unicode; Terminology; What Is Unicode?; What Is UCS?; What is the Unicode Consortium?; Why Should I Care?; Unicode Transformation Formats; UCS-2; UTF-8; UTF-16BE; UTF-16LE; UCS-4; UTF-32; UTF-EBCDIC; UTF-7; Handling UTF-8 Data; Entering Unicode Characters; Unicode Regular Expressions; Encode; The PerlIO Trick; The Gory Details; Unicode for XS Authors; Traversing Strings; Encoding Strings; Conclusion; POE; Programming in an Event-Driven Environment; Hello, POE; Hello, Again, POE!; Wheels; A Port Forwarder.</marc:subfield></marc:datafield><marc:datafield tag="505" ind1="0" ind2=" "><marc:subfield code="a">Top-Level Pieces: Components.</marc:subfield></marc:datafield><marc:datafield tag="520" ind1=" " ind2=" "><marc:subfield code="a"> With a worldwide community of users and more than a million dedicated programmers, Perl has proven to be the most effective language for the latest trends in computing and business.   Every programmer must keep up with the latest tools and techniques. This updated version of Advanced Perl Programming from O'Reilly gives you the essential knowledge of the modern Perl programmer. Whatever your current level of Perl expertise, this book will help you push your skills to the next level and become a more accomplished programmer.  O'Reilly's most high-level Perl tutorial to date, Advanced Perl Prog</marc:subfield></marc:datafield><marc:datafield tag="533" ind1=" " ind2=" "><marc:subfield code="a">Online-Ausg.</marc:subfield><marc:subfield code="d">2005</marc:subfield><marc:subfield code="n">Available also in a print edition.</marc:subfield><marc:subfield code="n">Electronic reproduction; Available via World Wide Web</marc:subfield><marc:subfield code="7">|2005||||||||||</marc:subfield></marc:datafield><marc:datafield tag="650" ind1=" " ind2="7"><marc:subfield code="0">(DE-601)123519713</marc:subfield><marc:subfield code="0">(DE-588)4307836-9</marc:subfield><marc:subfield code="a">Perl</marc:subfield><marc:subfield code="9">g:Programmiersprache</marc:subfield><marc:subfield code="2">gbv</marc:subfield></marc:datafield><marc:datafield tag="653" ind1=" " ind2="0"><marc:subfield code="a">Perl (Computer program language) / Handbooks, manuals, etc</marc:subfield></marc:datafield><marc:datafield tag="655" ind1=" " ind2="0"><marc:subfield code="a">Electronic books</marc:subfield></marc:datafield><marc:datafield tag="700" ind1="1" ind2=" "><marc:subfield code="a">Cozens, Simon</marc:subfield></marc:datafield><marc:datafield tag="776" ind1="1" ind2=" "><marc:subfield code="z">9780596517113</marc:subfield></marc:datafield><marc:datafield tag="787" ind1="0" ind2="8"><marc:subfield code="i">Druckausg. u.d.T.: </marc:subfield><marc:subfield code="t">Cozens, Simon: Advanced Perl programming</marc:subfield></marc:datafield><marc:datafield tag="856" ind1="4" ind2="0"><marc:subfield code="u">http://proquest.safaribooksonline.com/0596004567</marc:subfield></marc:datafield><marc:datafield tag="856" ind1="4" ind2="0"><marc:subfield code="u">http://site.ebrary.com/lib/alltitles/docDetail.action?docID=10758587</marc:subfield></marc:datafield><marc:datafield tag="856" ind1="4" ind2="1"><marc:subfield code="u">http://gbv.eblib.com/patron/FullRecord.aspx?p=540535</marc:subfield><marc:subfield code="3">Volltext</marc:subfield></marc:datafield><marc:datafield tag="856" ind1="4" ind2="1"><marc:subfield code="u">http://proquest.tech.safaribooksonline.de/0596004567</marc:subfield><marc:subfield code="z">Connect to this resource online</marc:subfield><marc:subfield code="3">Volltext</marc:subfield></marc:datafield><marc:datafield tag="856" ind1="4" ind2="2"><marc:subfield code="y">Inhaltsverzeichnis</marc:subfield><marc:subfield code="u">http://www.gbv.de/dms/bowker/toc/9780596004569.pdf</marc:subfield><marc:subfield code="m">V:DE-601;Bowker</marc:subfield><marc:subfield code="3">Inhaltsverzeichnis</marc:subfield></marc:datafield><marc:datafield tag="856" ind1="4" ind2="2"><marc:subfield code="y">Zentralblatt MATH</marc:subfield><marc:subfield code="u">http://zbmath.org/?q=an:1091.68015</marc:subfield><marc:subfield code="m">V:DE-601;ZBM</marc:subfield><marc:subfield code="3">Inhaltstext</marc:subfield></marc:datafield><marc:datafield tag="900" ind1=" " ind2=" "><marc:subfield code="a">GBV</marc:subfield><marc:subfield code="b">UB Kiel &lt;8&gt;</marc:subfield><marc:subfield code="f">Vervielfältigungen (z.B. Kopien, Downloads) sind nur von einzelnen Kapiteln oder Seiten und nur zum eigenen wissenschaftlichen Gebrauch erlaubt. Keine Weitergabe an Dritte. Kein systematisches Downloaden durch Robots</marc:subfield><marc:subfield code="f">Zugriff auf den Volltext nur für Universitätsangehörige innerhalb des Netzes der Universität Kiel (Campuslizenz)</marc:subfield></marc:datafield><marc:datafield tag="900" ind1=" " ind2=" "><marc:subfield code="a">GBV</marc:subfield><marc:subfield code="b">TIB/UB Hannover &lt;89&gt;</marc:subfield></marc:datafield><marc:datafield tag="900" ind1=" " ind2=" "><marc:subfield code="a">GBV</marc:subfield><marc:subfield code="b">Ressortbibliotheken des BMEL</marc:subfield><marc:subfield code="d">!Thünen-Institut! Online-Ressource</marc:subfield><marc:subfield code="x">N</marc:subfield><marc:subfield code="z">N</marc:subfield><marc:subfield code="f">Ebook noch nicht erworben! Nach dem Kauf: Vervielfältigungen (z. B. Kopien, Downloads) sind nur von einzelnen Kapiteln oder Seiten und nur zum eigenen wissenschaftlichen Gebrauch erlaubt. Keine Weitergabe an Dritte.</marc:subfield></marc:datafield><marc:datafield tag="900" ind1=" " ind2=" "><marc:subfield code="a">GBV</marc:subfield><marc:subfield code="b">MPI ethnol. Forschung &lt;Ha 163&gt;</marc:subfield></marc:datafield><marc:datafield tag="900" ind1=" " ind2=" "><marc:subfield code="a">GBV</marc:subfield><marc:subfield code="b">Leibniz-FH Hannover &lt;Hv 137&gt;</marc:subfield><marc:subfield code="f">Vervielfältigungen (z. B. Kopien, Downloads) sind nur von einzelnen Kapiteln oder Seiten und nur zum eigenen wissenschaftlichen Gebrauch erlaubt. Keine Weitergabe an Dritte.</marc:subfield></marc:datafield><marc:datafield tag="912" ind1=" " ind2=" "><marc:subfield code="a">ZDB-38-EBR</marc:subfield></marc:datafield><marc:datafield tag="912" ind1=" " ind2=" "><marc:subfield code="a">ZDB-89-EBL</marc:subfield></marc:datafield><marc:datafield tag="912" ind1=" " ind2=" "><marc:subfield code="a">ZDB-32-STB</marc:subfield></marc:datafield><marc:datafield tag="954" ind1=" " ind2=" "><marc:subfield code="a">24</marc:subfield><marc:subfield code="b">1473378060</marc:subfield><marc:subfield code="c">01</marc:subfield><marc:subfield code="k">Vervielfältigungen (z.B. Kopien, Downloads) sind nur von einzelnen Kapiteln oder Seiten und nur zum eigenen wissenschaftlichen Gebrauch erlaubt. Keine Weitergabe an Dritte. Kein systematisches Downloaden durch Robots</marc:subfield><marc:subfield code="k">Zugriff auf den Volltext nur für Universitätsangehörige innerhalb des Netzes der Universität Kiel (Campuslizenz)</marc:subfield><marc:subfield code="x">0008</marc:subfield></marc:datafield><marc:datafield tag="954" ind1=" " ind2=" "><marc:subfield code="a">70</marc:subfield><marc:subfield code="b">1494508826</marc:subfield><marc:subfield code="c">01</marc:subfield><marc:subfield code="x">0089</marc:subfield></marc:datafield><marc:datafield tag="954" ind1=" " ind2=" "><marc:subfield code="a">252</marc:subfield><marc:subfield code="b">1448616719</marc:subfield><marc:subfield code="c">01</marc:subfield><marc:subfield code="f">Thünen-Institut</marc:subfield><marc:subfield code="d">Online-Ressource</marc:subfield><marc:subfield code="e">g</marc:subfield><marc:subfield code="k">Ebook noch nicht erworben! Nach dem Kauf: Vervielfältigungen (z. B. Kopien, Downloads) sind nur von einzelnen Kapiteln oder Seiten und nur zum eigenen wissenschaftlichen Gebrauch erlaubt. Keine Weitergabe an Dritte.</marc:subfield><marc:subfield code="x">4252</marc:subfield></marc:datafield><marc:datafield tag="954" ind1=" " ind2=" "><marc:subfield code="a">283</marc:subfield><marc:subfield code="b">1538067161</marc:subfield><marc:subfield code="c">01</marc:subfield><marc:subfield code="x">3283</marc:subfield></marc:datafield><marc:datafield tag="954" ind1=" " ind2=" "><marc:subfield code="a">617</marc:subfield><marc:subfield code="b">144871737X</marc:subfield><marc:subfield code="c">01</marc:subfield><marc:subfield code="k">Vervielfältigungen (z. B. Kopien, Downloads) sind nur von einzelnen Kapiteln oder Seiten und nur zum eigenen wissenschaftlichen Gebrauch erlaubt. Keine Weitergabe an Dritte.</marc:subfield><marc:subfield code="x">4617</marc:subfield></marc:datafield></marc:record>