
<marc:record><marc:leader>04907nmm a2200673 c 4500</marc:leader>
<marc:controlfield tag="001">524937648</marc:controlfield>
<marc:controlfield tag="003">DE-601</marc:controlfield><marc:controlfield tag="005">20150331184033.0</marc:controlfield><marc:controlfield tag="007">cr uuu---uuuuu</marc:controlfield><marc:controlfield tag="008">070227s2005    xxu           000 0 eng d</marc:controlfield><marc:datafield tag="020" ind1=" " ind2=" "><marc:subfield code="a">9781430200444</marc:subfield><marc:subfield code="9">978-1-4302-0044-4</marc:subfield></marc:datafield><marc:datafield tag="020" ind1=" " ind2=" "><marc:subfield code="a">9781590594544</marc:subfield><marc:subfield code="9">978-1-59059-454-4</marc:subfield></marc:datafield><marc:datafield tag="024" ind1="7" ind2=" "><marc:subfield code="a">10.1007/978-1-4302-0044-4</marc:subfield><marc:subfield code="2">doi</marc:subfield></marc:datafield><marc:datafield tag="035" ind1=" " ind2=" "><marc:subfield code="a">ebr10150829</marc:subfield></marc:datafield><marc:datafield tag="035" ind1=" " ind2=" "><marc:subfield code="a">9781430200444</marc:subfield></marc:datafield><marc:datafield tag="035" ind1=" " ind2=" "><marc:subfield code="a">(OCoLC)647620643</marc:subfield></marc:datafield><marc:datafield tag="035" ind1=" " ind2=" "><marc:subfield code="a">(ZDB-22-CAN)269292</marc:subfield></marc:datafield><marc:datafield tag="035" ind1=" " ind2=" "><marc:subfield code="a">EBL324381</marc:subfield></marc:datafield><marc:datafield tag="035" ind1=" " ind2=" "><marc:subfield code="a">(OCoLC)262680541</marc:subfield></marc:datafield><marc:datafield tag="035" ind1=" " ind2=" "><marc:subfield code="a">(DE-599)GBV524937648</marc:subfield></marc:datafield><marc:datafield tag="040" ind1=" " ind2=" "><marc:subfield code="a">GBVCP</marc:subfield><marc:subfield code="b">ger</marc:subfield><marc:subfield code="c">GBVCP</marc:subfield><marc:subfield code="e">rakwb</marc:subfield></marc:datafield><marc:datafield tag="041" ind1="0" ind2=" "><marc:subfield code="a">eng</marc:subfield></marc:datafield><marc:datafield tag="050" ind1=" " ind2="0"><marc:subfield code="a">QA76.73.P22</marc:subfield></marc:datafield><marc:datafield tag="082" ind1="0" ind2="0"><marc:subfield code="a">005.13/3</marc:subfield></marc:datafield><marc:datafield tag="082" ind1="0" ind2="9"><marc:subfield code="a">004</marc:subfield></marc:datafield><marc:datafield tag="084" ind1=" " ind2=" "><marc:subfield code="a">54.53</marc:subfield><marc:subfield code="9">Programmiersprachen</marc:subfield><marc:subfield code="2">bcl</marc:subfield></marc:datafield><marc:datafield tag="084" ind1=" " ind2=" "><marc:subfield code="a">ST 250</marc:subfield><marc:subfield code="2">rvk</marc:subfield></marc:datafield><marc:datafield tag="100" ind1="1" ind2=" "><marc:subfield code="a">Foley, Richard</marc:subfield></marc:datafield><marc:datafield tag="245" ind1="1" ind2="0"><marc:subfield code="a">Pro Perl Debugging</marc:subfield><marc:subfield code="h">Elektronische Ressource</marc:subfield><marc:subfield code="b">From Professional to Expert</marc:subfield><marc:subfield code="c">by Richard Foley, Andy Lester</marc:subfield></marc:datafield><marc:datafield tag="260" ind1="3" ind2=" "><marc:subfield code="a">Berkeley, CA</marc:subfield><marc:subfield code="b">Richard Foley with Andy Lester</marc:subfield><marc:subfield code="c">2005</marc:subfield></marc:datafield><marc:datafield tag="300" ind1=" " ind2=" "><marc:subfield code="a">Online-Ressource</marc:subfield><marc:subfield code="b">v.: digital</marc:subfield></marc:datafield><marc:datafield tag="337" ind1=" " ind2=" "><marc:subfield code="a">eBook</marc:subfield></marc:datafield><marc:datafield tag="490" ind1="0" ind2=" "><marc:subfield code="a">Pro: From Professional to Expert</marc:subfield></marc:datafield><marc:datafield tag="500" ind1=" " ind2=" "><marc:subfield code="a">Includes bibliographical references (p. 255-258) and index</marc:subfield></marc:datafield><marc:datafield tag="505" ind1="0" ind2=" "><marc:subfield code="a">CONTENTS; About the Authors; Acknowledgments; Introduction; CHAPTER 1 Introduction; CHAPTER 2 Inspecting Variables and Getting Help; CHAPTER 3 Controlling Program Execution; CHAPTER 4 Debugging a Simple Command Line Program; CHAPTER 5 Tracing Execution; CHAPTER 6 Debugging Modules; CHAPTER 7 Debugging Object-Oriented Perl; CHAPTER 8 Using the Debugger As a Shell; CHAPTER 9 Debugging a CGI Program; CHAPTER 10 Perl Threads and Forked Processes; CHAPTER 11 Debugging Regular Expressions; CHAPTER 12 Debugger Customization; CHAPTER 13 Optimization and Performance Hints and Tips.</marc:subfield></marc:datafield><marc:datafield tag="505" ind1="0" ind2=" "><marc:subfield code="a">CHAPTER 14 Command Line and GUI DebuggersCHAPTER 15 Comprehensive Command Reference; CHAPTER 16 Book References and URLs; INDEX.</marc:subfield></marc:datafield><marc:datafield tag="520" ind1=" " ind2=" "><marc:subfield code="a">The Practical Extraction and Reporting Language (Perl), has grown to be one of the most powerful and popular scripting languages. Combining the best features of C, UNIX utilities, and regular expressions, these days Perl is used for an array of tasks, including system administration, text processing and Web programming. Recently, it's been used for more exotic areas like bioinformatics. Perl is supported by all of the most prominent operating systems, including Windows, Unix, OS/2, Amiga, and others. Debugging Perl offers you a definitive reference for resolving the dilemma of application testing and debugging - one of the biggest time commitments in a programmer's daily routine. This book rescues you from substandard application testing practices. The book commences with several chapters that overview the debugger's basic features, then covers common debugging scenarios. The concluding portion features several chapters about optimizing and customizing the debugger, alternative debugging utilities, and debugging best practices</marc:subfield></marc:datafield><marc:datafield tag="533" ind1=" " ind2=" "><marc:subfield code="a">Online-Ausg.</marc:subfield><marc:subfield code="d">2005</marc:subfield><marc:subfield code="f">Springer eBook Collection. Professional Computing and Web Design</marc:subfield><marc:subfield code="n">Electronic reproduction; Available via World Wide Web</marc:subfield><marc:subfield code="7">|2005||||||||||</marc:subfield></marc:datafield><marc:datafield tag="650" ind1=" " ind2="0"><marc:subfield code="a">Computer Science</marc:subfield></marc:datafield><marc:datafield tag="650" ind1=" " ind2="7"><marc:subfield code="0">(DE-601)123519713</marc:subfield><marc:subfield code="0">(DE-588)4307836-9</marc:subfield><marc:subfield code="a">Perl</marc:subfield><marc:subfield code="9">g:Programmiersprache</marc:subfield><marc:subfield code="2">gbv</marc:subfield></marc:datafield><marc:datafield tag="650" ind1=" " ind2="7"><marc:subfield code="0">(DE-601)105564915</marc:subfield><marc:subfield code="0">(DE-588)4148954-8</marc:subfield><marc:subfield code="a">Debugging</marc:subfield><marc:subfield code="2">gbv</marc:subfield></marc:datafield><marc:datafield tag="653" ind1=" " ind2="0"><marc:subfield code="a">Computer science</marc:subfield></marc:datafield><marc:datafield tag="700" ind1="1" ind2=" "><marc:subfield code="a">Lester, Andy</marc:subfield></marc:datafield><marc:datafield tag="787" ind1="0" ind2="8"><marc:subfield code="i">Print version: </marc:subfield><marc:subfield code="t">Pro Perl Debugging : From Professional to Expert</marc:subfield></marc:datafield><marc:datafield tag="856" ind1="4" ind2="0"><marc:subfield code="u">http://dx.doi.org/10.1007/978-1-4302-0044-4</marc:subfield></marc:datafield><marc:datafield tag="856" ind1="4" ind2="0"><marc:subfield code="u">http://site.ebrary.com/lib/alltitles/docDetail.action?docID=10150829</marc:subfield></marc:datafield><marc:datafield tag="856" ind1="4" ind2="1"><marc:subfield code="u">http://ebooks.ciando.com/book/index.cfm/bok_id/269292</marc:subfield><marc:subfield code="m">CIANDO</marc:subfield><marc:subfield code="3">Volltext</marc:subfield></marc:datafield><marc:datafield tag="856" ind1="4" ind2="1"><marc:subfield code="u">http://gbv.eblib.com/patron/FullRecord.aspx?p=324381</marc:subfield><marc:subfield code="3">Volltext</marc:subfield></marc:datafield><marc:datafield tag="856" ind1="4" ind2="2"><marc:subfield code="y">Inhaltsverzeichnis</marc:subfield><marc:subfield code="u">http://www.gbv.de/dms/bowker/toc/9781590594544.pdf</marc:subfield><marc:subfield code="m">V:DE-601;Bowker</marc:subfield><marc:subfield code="3">Inhaltsverzeichnis</marc:subfield></marc:datafield><marc:datafield tag="856" ind1="4" ind2="2"><marc:subfield code="y">C</marc:subfield><marc:subfield code="u">http://www.ciando.com/img/books/width167/1430200448_k.jpg</marc:subfield><marc:subfield code="m">CIANDO</marc:subfield><marc:subfield code="3">Cover</marc:subfield></marc:datafield><marc:datafield tag="856" ind1="4" ind2="2"><marc:subfield code="y">C</marc:subfield><marc:subfield code="u">http://www.ciando.com/pictures/bib/1430200448bib_t_1.jpg</marc:subfield><marc:subfield code="m">CIANDO</marc:subfield><marc:subfield code="3">Cover</marc:subfield></marc:datafield><marc:datafield tag="900" ind1=" " ind2=" "><marc:subfield code="a">GBV</marc:subfield><marc:subfield code="b">Ressortbibliotheken des BMEL</marc:subfield><marc:subfield code="d">!Thünen-Institut! Online-Ressource</marc:subfield><marc:subfield code="x">N</marc:subfield><marc:subfield code="z">N</marc:subfield><marc:subfield code="f">Ebook noch nicht erworben! Nach dem Kauf: Vervielfältigungen (z. B. Kopien, Downloads) sind nur von einzelnen Kapiteln oder Seiten und nur zum eigenen wissenschaftlichen Gebrauch erlaubt. Keine Weitergabe an Dritte.</marc:subfield></marc:datafield><marc:datafield tag="912" ind1=" " ind2=" "><marc:subfield code="a">ZDB-2-CWD</marc:subfield><marc:subfield code="b">2005</marc:subfield></marc:datafield><marc:datafield tag="912" ind1=" " ind2=" "><marc:subfield code="a">ZDB-38-EBR</marc:subfield></marc:datafield><marc:datafield tag="912" ind1=" " ind2=" "><marc:subfield code="a">ZDB-22-CAN</marc:subfield></marc:datafield><marc:datafield tag="912" ind1=" " ind2=" "><marc:subfield code="a">ZDB-89-EBL</marc:subfield></marc:datafield><marc:datafield tag="950" ind1=" " ind2=" "><marc:subfield code="a">Computer Informatik</marc:subfield><marc:subfield code="2">ciando</marc:subfield></marc:datafield><marc:datafield tag="950" ind1=" " ind2=" "><marc:subfield code="a">Computer Programmiersprachen</marc:subfield><marc:subfield code="2">ciando</marc:subfield></marc:datafield><marc:datafield tag="954" ind1=" " ind2=" "><marc:subfield code="a">252</marc:subfield><marc:subfield code="b">1423688384</marc:subfield><marc:subfield code="c">01</marc:subfield><marc:subfield code="f">Thünen-Institut</marc:subfield><marc:subfield code="d">Online-Ressource</marc:subfield><marc:subfield code="e">g</marc:subfield><marc:subfield code="k">Ebook noch nicht erworben! Nach dem Kauf: Vervielfältigungen (z. B. Kopien, Downloads) sind nur von einzelnen Kapiteln oder Seiten und nur zum eigenen wissenschaftlichen Gebrauch erlaubt. Keine Weitergabe an Dritte.</marc:subfield><marc:subfield code="x">4252</marc:subfield></marc:datafield></marc:record>