
<marc:record><marc:leader>01208nam a2200325 c 4500</marc:leader>
<marc:controlfield tag="001">500885214</marc:controlfield>
<marc:controlfield tag="003">DE-601</marc:controlfield><marc:controlfield tag="005">20131025212906.0</marc:controlfield><marc:controlfield tag="008">051011s2005    gw            000 0 ger d</marc:controlfield><marc:datafield tag="035" ind1=" " ind2=" "><marc:subfield code="a">(OCoLC)314643565</marc:subfield></marc:datafield><marc:datafield tag="035" ind1=" " ind2=" "><marc:subfield code="a">(OBV)AC05672565</marc:subfield></marc:datafield><marc:datafield tag="035" ind1=" " ind2=" "><marc:subfield code="a">(DE-599)GBV500885214</marc:subfield></marc:datafield><marc:datafield tag="040" ind1=" " ind2=" "><marc:subfield code="a">GBVCP</marc:subfield><marc:subfield code="b">ger</marc:subfield><marc:subfield code="c">GBVCP</marc:subfield><marc:subfield code="e">rakwb</marc:subfield></marc:datafield><marc:datafield tag="041" ind1="0" ind2=" "><marc:subfield code="a">ger</marc:subfield></marc:datafield><marc:datafield tag="084" ind1=" " ind2=" "><marc:subfield code="a">54.65</marc:subfield><marc:subfield code="9">Webentwicklung</marc:subfield><marc:subfield code="2">bcl</marc:subfield></marc:datafield><marc:datafield tag="084" ind1=" " ind2=" "><marc:subfield code="a">ST 250</marc:subfield><marc:subfield code="2">rvk</marc:subfield></marc:datafield><marc:datafield tag="084" ind1=" " ind2=" "><marc:subfield code="a">ST 250 P30</marc:subfield><marc:subfield code="2">rvk</marc:subfield></marc:datafield><marc:datafield tag="245" ind1="0" ind2="0"><marc:subfield code="a">Perl</marc:subfield><marc:subfield code="b">Eine Einführung</marc:subfield><marc:subfield code="c">Regionales Rechenzentrum für Niedersachsen RRZN</marc:subfield></marc:datafield><marc:datafield tag="250" ind1=" " ind2=" "><marc:subfield code="a">2. unveränd. Aufl.</marc:subfield></marc:datafield><marc:datafield tag="260" ind1="3" ind2=" "><marc:subfield code="a">Hannover</marc:subfield><marc:subfield code="b">RRZN</marc:subfield><marc:subfield code="c">2005</marc:subfield></marc:datafield><marc:datafield tag="300" ind1=" " ind2=" "><marc:subfield code="a">196 S</marc:subfield><marc:subfield code="b">Ill</marc:subfield></marc:datafield><marc:datafield tag="650" ind1=" " ind2="7"><marc:subfield code="0">(DE-601)123519713</marc:subfield><marc:subfield code="0">(DE-588)4307836-9</marc:subfield><marc:subfield code="a">Perl</marc:subfield><marc:subfield code="9">g:Programmiersprache</marc:subfield><marc:subfield code="2">gbv</marc:subfield></marc:datafield><marc:datafield tag="653" ind1=" " ind2="0"><marc:subfield code="a">Perl (Computer program language)</marc:subfield></marc:datafield><marc:datafield tag="710" ind1="2" ind2=" "><marc:subfield code="a">Regionales Rechenzentrum für Niedersachsen</marc:subfield><marc:subfield code="0">(DE-601)101345011</marc:subfield><marc:subfield code="0">(DE-588)63744-0</marc:subfield></marc:datafield><marc:datafield tag="900" ind1=" " ind2=" "><marc:subfield code="a">GBV</marc:subfield><marc:subfield code="b">SUB+Uni Göttingen &lt;7&gt;</marc:subfield><marc:subfield code="d">!7/730! D ?</marc:subfield><marc:subfield code="x">N</marc:subfield><marc:subfield code="z">N</marc:subfield></marc:datafield><marc:datafield tag="900" ind1=" " ind2=" "><marc:subfield code="a">GBV</marc:subfield><marc:subfield code="b">TIB/UB Hannover &lt;89&gt;</marc:subfield><marc:subfield code="d">U 05 B 1770</marc:subfield><marc:subfield code="x">L</marc:subfield><marc:subfield code="z">LC</marc:subfield></marc:datafield><marc:datafield tag="900" ind1=" " ind2=" "><marc:subfield code="a">GBV</marc:subfield><marc:subfield code="b">EAH Jena &lt;J 59&gt;</marc:subfield><marc:subfield code="d">!LS! 54.53,714-06/02178</marc:subfield><marc:subfield code="x">N</marc:subfield><marc:subfield code="z">N</marc:subfield></marc:datafield><marc:datafield tag="954" ind1=" " ind2=" "><marc:subfield code="a">40</marc:subfield><marc:subfield code="b">1329798619</marc:subfield><marc:subfield code="c">01</marc:subfield><marc:subfield code="f">7/730</marc:subfield><marc:subfield code="d">D ?</marc:subfield><marc:subfield code="e">i</marc:subfield><marc:subfield code="x">0007</marc:subfield></marc:datafield><marc:datafield tag="954" ind1=" " ind2=" "><marc:subfield code="a">70</marc:subfield><marc:subfield code="b">739398733</marc:subfield><marc:subfield code="c">01</marc:subfield><marc:subfield code="d">U 05 B 1770</marc:subfield><marc:subfield code="e">u</marc:subfield><marc:subfield code="x">0089</marc:subfield></marc:datafield><marc:datafield tag="954" ind1=" " ind2=" "><marc:subfield code="a">150</marc:subfield><marc:subfield code="b">772434387</marc:subfield><marc:subfield code="c">01</marc:subfield><marc:subfield code="f">LS</marc:subfield><marc:subfield code="d">54.53,714-06/02178</marc:subfield><marc:subfield code="e">i</marc:subfield><marc:subfield code="x">3406</marc:subfield></marc:datafield></marc:record>