
<marc:record><marc:leader>02630nam a2200649 c 4500</marc:leader>
<marc:controlfield tag="001">477540198</marc:controlfield>
<marc:controlfield tag="003">DE-601</marc:controlfield><marc:controlfield tag="005">20140310223117.0</marc:controlfield><marc:controlfield tag="008">050119s2005    gw            000 0 ger d</marc:controlfield><marc:datafield tag="015" ind1=" " ind2=" "><marc:subfield code="a">05N050033</marc:subfield><marc:subfield code="2">dnb</marc:subfield></marc:datafield><marc:datafield tag="016" ind1="7" ind2=" "><marc:subfield code="a">973304944</marc:subfield><marc:subfield code="2">DE-101</marc:subfield></marc:datafield><marc:datafield tag="020" ind1=" " ind2=" "><marc:subfield code="a">3898643204 (Pb.)</marc:subfield><marc:subfield code="c">EUR 29.00, EUR 29.90 (AT)</marc:subfield><marc:subfield code="9">3-89864-320-4</marc:subfield></marc:datafield><marc:datafield tag="035" ind1=" " ind2=" "><marc:subfield code="a">(OCoLC)76635850</marc:subfield></marc:datafield><marc:datafield tag="035" ind1=" " ind2=" "><marc:subfield code="a">(OBV)AC04552115</marc:subfield></marc:datafield><marc:datafield tag="035" ind1=" " ind2=" "><marc:subfield code="a">(ZBM)1083.68546</marc:subfield></marc:datafield><marc:datafield tag="040" ind1=" " ind2=" "><marc:subfield code="a">GBVCP</marc:subfield><marc:subfield code="b">ger</marc:subfield><marc:subfield code="c">GBVCP</marc:subfield><marc:subfield code="e">rakwb</marc:subfield></marc:datafield><marc:datafield tag="041" ind1="0" ind2=" "><marc:subfield code="a">ger</marc:subfield></marc:datafield><marc:datafield tag="082" ind1="0" ind2="0"><marc:subfield code="a">004</marc:subfield></marc:datafield><marc:datafield tag="082" ind1="0" ind2="9"><marc:subfield code="a">004</marc:subfield></marc:datafield><marc:datafield tag="084" ind1=" " ind2=" "><marc:subfield code="a">54.53</marc:subfield><marc:subfield code="9">Programmiersprachen</marc:subfield><marc:subfield code="2">bcl</marc:subfield></marc:datafield><marc:datafield tag="084" ind1=" " ind2=" "><marc:subfield code="a">54.65</marc:subfield><marc:subfield code="9">Webentwicklung</marc:subfield><marc:subfield code="2">bcl</marc:subfield></marc:datafield><marc:datafield tag="084" ind1=" " ind2=" "><marc:subfield code="a">ST 250</marc:subfield><marc:subfield code="2">rvk</marc:subfield></marc:datafield><marc:datafield tag="084" ind1=" " ind2=" "><marc:subfield code="a">mat</marc:subfield><marc:subfield code="q">DE-601</marc:subfield><marc:subfield code="2">z</marc:subfield></marc:datafield><marc:datafield tag="100" ind1="1" ind2=" "><marc:subfield code="a">Eidenberger, Horst</marc:subfield><marc:subfield code="0">(DE-601)372629067</marc:subfield><marc:subfield code="0">(DE-588)128383488</marc:subfield></marc:datafield><marc:datafield tag="245" ind1="1" ind2="0"><marc:subfield code="a">Mit Perl programmieren lernen</marc:subfield><marc:subfield code="c">Horst Eidenberger; Elke Michlmayr</marc:subfield></marc:datafield><marc:datafield tag="250" ind1=" " ind2=" "><marc:subfield code="a">1. Aufl.</marc:subfield></marc:datafield><marc:datafield tag="260" ind1="3" ind2=" "><marc:subfield code="a">Heidelberg</marc:subfield><marc:subfield code="b">dpunkt-Verl.</marc:subfield><marc:subfield code="c">2005</marc:subfield></marc:datafield><marc:datafield tag="300" ind1=" " ind2=" "><marc:subfield code="a">X, 278 S.</marc:subfield><marc:subfield code="b">Ill., graph. Darst.</marc:subfield><marc:subfield code="c">24 cm</marc:subfield></marc:datafield><marc:datafield tag="500" ind1=" " ind2=" "><marc:subfield code="a">Literaturverz. S. 269 - 271</marc:subfield></marc:datafield><marc:datafield tag="650" ind1=" " ind2="7"><marc:subfield code="0">(DE-601)123519713</marc:subfield><marc:subfield code="0">(DE-588)4307836-9</marc:subfield><marc:subfield code="a">Perl</marc:subfield><marc:subfield code="9">g:Programmiersprache</marc:subfield><marc:subfield code="2">gnd</marc:subfield></marc:datafield><marc:datafield tag="689" ind1="0" ind2="0"><marc:subfield code="0">(DE-601)123519713</marc:subfield><marc:subfield code="0">(DE-588)4307836-9</marc:subfield><marc:subfield code="a">Perl</marc:subfield><marc:subfield code="9">g:Programmiersprache</marc:subfield></marc:datafield><marc:datafield tag="700" ind1="1" ind2=" "><marc:subfield code="a">Michlmayr, Elke</marc:subfield><marc:subfield code="e">Author</marc:subfield><marc:subfield code="4">aut</marc:subfield></marc:datafield><marc:datafield tag="856" ind1="4" ind2="2"><marc:subfield code="y">Zentralblatt MATH</marc:subfield><marc:subfield code="u">http://zbmath.org/?q=an:1083.68546</marc:subfield><marc:subfield code="m">V:DE-601;ZBM</marc:subfield><marc:subfield code="3">Inhaltstext</marc:subfield></marc:datafield><marc:datafield tag="900" ind1=" " ind2=" "><marc:subfield code="a">GBV</marc:subfield><marc:subfield code="b">SUB Bremen &lt;46&gt;</marc:subfield><marc:subfield code="d">!TB BHV! com 433.18/20</marc:subfield><marc:subfield code="x">L</marc:subfield><marc:subfield code="z">LC</marc:subfield></marc:datafield><marc:datafield tag="900" ind1=" " ind2=" "><marc:subfield code="a">GBV</marc:subfield><marc:subfield code="b">UB Ilmenau &lt;Ilm 1&gt;</marc:subfield><marc:subfield code="d">!53! INF ST 250 P30 E34</marc:subfield><marc:subfield code="x">L</marc:subfield><marc:subfield code="z">LC</marc:subfield></marc:datafield><marc:datafield tag="900" ind1=" " ind2=" "><marc:subfield code="a">GBV</marc:subfield><marc:subfield code="b">UFB Erfurt/Gotha &lt;547&gt;</marc:subfield><marc:subfield code="d">!LS! ST 250 P30 E34</marc:subfield><marc:subfield code="x">L</marc:subfield><marc:subfield code="z">LC</marc:subfield></marc:datafield><marc:datafield tag="900" ind1=" " ind2=" "><marc:subfield code="a">GBV</marc:subfield><marc:subfield code="b">UB Weimar &lt;Wim 2&gt;</marc:subfield><marc:subfield code="d">!F+2! Hl 6510/83</marc:subfield><marc:subfield code="x">L</marc:subfield><marc:subfield code="z">LC</marc:subfield><marc:subfield code="d">214 074</marc:subfield></marc:datafield><marc:datafield tag="900" ind1=" " ind2=" "><marc:subfield code="a">GBV</marc:subfield><marc:subfield code="b">UB Greifswald &lt;9&gt;</marc:subfield><marc:subfield code="d">!UB 660! 660/ST 250 P30 E34</marc:subfield><marc:subfield code="x">L</marc:subfield><marc:subfield code="z">LC</marc:subfield></marc:datafield><marc:datafield tag="900" ind1=" " ind2=" "><marc:subfield code="a">GBV</marc:subfield><marc:subfield code="b">TIB/UB Hannover &lt;89&gt;</marc:subfield><marc:subfield code="d">T 05 B 5479</marc:subfield><marc:subfield code="x">L</marc:subfield><marc:subfield code="z">LC</marc:subfield></marc:datafield><marc:datafield tag="900" ind1=" " ind2=" "><marc:subfield code="a">GBV</marc:subfield><marc:subfield code="b">LB Oldenburg &lt;45&gt;</marc:subfield><marc:subfield code="d">05-4083</marc:subfield><marc:subfield code="x">L</marc:subfield><marc:subfield code="z">LC</marc:subfield></marc:datafield><marc:datafield tag="900" ind1=" " ind2=" "><marc:subfield code="a">GBV</marc:subfield><marc:subfield code="b">EAH Jena &lt;J 59&gt;</marc:subfield><marc:subfield code="d">54.53,1424-05/02999</marc:subfield><marc:subfield code="x">L</marc:subfield><marc:subfield code="z">LC</marc:subfield></marc:datafield><marc:datafield tag="900" ind1=" " ind2=" "><marc:subfield code="a">GBV</marc:subfield><marc:subfield code="b">Ostfalia Wolfenbüttel &lt;916&gt;</marc:subfield><marc:subfield code="d">!WF! IT Gp 830</marc:subfield><marc:subfield code="x">L</marc:subfield><marc:subfield code="z">LC</marc:subfield></marc:datafield><marc:datafield tag="951" ind1=" " ind2=" "><marc:subfield code="a">com 433.18</marc:subfield><marc:subfield code="2">21</marc:subfield></marc:datafield><marc:datafield tag="951" ind1=" " ind2=" "><marc:subfield code="a">ST 250 P30</marc:subfield><marc:subfield code="2">32</marc:subfield></marc:datafield><marc:datafield tag="951" ind1=" " ind2=" "><marc:subfield code="a">ST 250</marc:subfield><marc:subfield code="2">39</marc:subfield></marc:datafield><marc:datafield tag="951" ind1=" " ind2=" "><marc:subfield code="a">Hl 6510</marc:subfield><marc:subfield code="2">63</marc:subfield></marc:datafield><marc:datafield tag="951" ind1=" " ind2=" "><marc:subfield code="a">ST 250 P30</marc:subfield><marc:subfield code="2">69</marc:subfield></marc:datafield><marc:datafield tag="951" ind1=" " ind2=" "><marc:subfield code="a">Inf 320</marc:subfield><marc:subfield code="2">121</marc:subfield></marc:datafield><marc:datafield tag="954" ind1=" " ind2=" "><marc:subfield code="a">21</marc:subfield><marc:subfield code="b">739781863</marc:subfield><marc:subfield code="c">01</marc:subfield><marc:subfield code="f">TB BHV</marc:subfield><marc:subfield code="d">com 433.18/20</marc:subfield><marc:subfield code="e">u</marc:subfield><marc:subfield code="x">0046</marc:subfield></marc:datafield><marc:datafield tag="954" ind1=" " ind2=" "><marc:subfield code="a">32</marc:subfield><marc:subfield code="b">728974479</marc:subfield><marc:subfield code="c">02</marc:subfield><marc:subfield code="f">53</marc:subfield><marc:subfield code="d">INF ST 250 P30 E34</marc:subfield><marc:subfield code="e">u</marc:subfield><marc:subfield code="x">3400</marc:subfield></marc:datafield><marc:datafield tag="954" ind1=" " ind2=" "><marc:subfield code="a">39</marc:subfield><marc:subfield code="b">799723681</marc:subfield><marc:subfield code="c">01</marc:subfield><marc:subfield code="f">LS</marc:subfield><marc:subfield code="d">ST 250 P30 E34</marc:subfield><marc:subfield code="e">u</marc:subfield><marc:subfield code="x">0547</marc:subfield></marc:datafield><marc:datafield tag="954" ind1=" " ind2=" "><marc:subfield code="a">63</marc:subfield><marc:subfield code="b">731328469</marc:subfield><marc:subfield code="c">01</marc:subfield><marc:subfield code="f">F+2</marc:subfield><marc:subfield code="d">Hl 6510/83</marc:subfield><marc:subfield code="e">b</marc:subfield><marc:subfield code="d">214 074</marc:subfield><marc:subfield code="x">3401</marc:subfield></marc:datafield><marc:datafield tag="954" ind1=" " ind2=" "><marc:subfield code="a">69</marc:subfield><marc:subfield code="b">776563009</marc:subfield><marc:subfield code="c">01</marc:subfield><marc:subfield code="f">UB 660</marc:subfield><marc:subfield code="d">660/ST 250 P30 E34</marc:subfield><marc:subfield code="e">u</marc:subfield><marc:subfield code="x">0009</marc:subfield></marc:datafield><marc:datafield tag="954" ind1=" " ind2=" "><marc:subfield code="a">70</marc:subfield><marc:subfield code="b">695479660</marc:subfield><marc:subfield code="c">01</marc:subfield><marc:subfield code="d">T 05 B 5479</marc:subfield><marc:subfield code="e">b</marc:subfield><marc:subfield code="x">0089</marc:subfield></marc:datafield><marc:datafield tag="954" ind1=" " ind2=" "><marc:subfield code="a">121</marc:subfield><marc:subfield code="b">737369647</marc:subfield><marc:subfield code="c">01</marc:subfield><marc:subfield code="d">05-4083</marc:subfield><marc:subfield code="e">u</marc:subfield><marc:subfield code="x">0045</marc:subfield></marc:datafield><marc:datafield tag="954" ind1=" " ind2=" "><marc:subfield code="a">150</marc:subfield><marc:subfield code="b">726341479</marc:subfield><marc:subfield code="c">01</marc:subfield><marc:subfield code="d">54.53,1424-05/02999</marc:subfield><marc:subfield code="e">u</marc:subfield><marc:subfield code="x">3406</marc:subfield></marc:datafield><marc:datafield tag="954" ind1=" " ind2=" "><marc:subfield code="a">164</marc:subfield><marc:subfield code="b">931908183</marc:subfield><marc:subfield code="c">01</marc:subfield><marc:subfield code="f">WF</marc:subfield><marc:subfield code="d">IT Gp 830</marc:subfield><marc:subfield code="e">u</marc:subfield><marc:subfield code="x">0916</marc:subfield></marc:datafield></marc:record>