
<marc:record><marc:leader>02959nmm a2200457 c 4500</marc:leader>
<marc:controlfield tag="001">767865456</marc:controlfield>
<marc:controlfield tag="003">DE-601</marc:controlfield><marc:controlfield tag="005">20140626121342.0</marc:controlfield><marc:controlfield tag="007">cr uuu---uuuuu</marc:controlfield><marc:controlfield tag="008">130916s2004    gw            000 0 ger d</marc:controlfield><marc:datafield tag="020" ind1=" " ind2=" "><marc:subfield code="a">9783486593259</marc:subfield><marc:subfield code="9">978-3-486-59325-9</marc:subfield></marc:datafield><marc:datafield tag="024" ind1="7" ind2=" "><marc:subfield code="a">10.1524/9783486593259</marc:subfield><marc:subfield code="2">doi</marc:subfield></marc:datafield><marc:datafield tag="024" ind1="8" ind2=" "><marc:subfield code="a">HBZTHT016345847</marc:subfield></marc:datafield><marc:datafield tag="035" ind1=" " ind2=" "><marc:subfield code="a">(DE-605)HT016345847</marc:subfield></marc:datafield><marc:datafield tag="035" ind1=" " ind2=" "><marc:subfield code="a">gruy226241</marc:subfield></marc:datafield><marc:datafield tag="035" ind1=" " ind2=" "><marc:subfield code="a">(DE-599)HBZHT016345847</marc:subfield></marc:datafield><marc:datafield tag="040" ind1=" " ind2=" "><marc:subfield code="a">GBVCP</marc:subfield><marc:subfield code="b">ger</marc:subfield><marc:subfield code="c">GBVCP</marc:subfield><marc:subfield code="e">rakwb</marc:subfield></marc:datafield><marc:datafield tag="041" ind1="0" ind2=" "><marc:subfield code="a">ger</marc:subfield></marc:datafield><marc:datafield tag="084" ind1=" " ind2=" "><marc:subfield code="a">COM014000</marc:subfield><marc:subfield code="2">BISAC</marc:subfield></marc:datafield><marc:datafield tag="100" ind1="1" ind2=" "><marc:subfield code="a">Seidel, Helmut</marc:subfield></marc:datafield><marc:datafield tag="245" ind1="1" ind2="0"><marc:subfield code="a">Perl</marc:subfield><marc:subfield code="h">Elektronische Ressource</marc:subfield><marc:subfield code="b">Anwendungen und fortgeschrittene Techniken</marc:subfield><marc:subfield code="c">von Helmut Seidel</marc:subfield></marc:datafield><marc:datafield tag="260" ind1="3" ind2=" "><marc:subfield code="a">München [u.a.]</marc:subfield><marc:subfield code="b">Oldenbourg</marc:subfield><marc:subfield code="c">2004</marc:subfield></marc:datafield><marc:datafield tag="300" ind1=" " ind2=" "><marc:subfield code="a">Online-Ressource</marc:subfield><marc:subfield code="a">VIII, 281 S.</marc:subfield></marc:datafield><marc:datafield tag="520" ind1=" " ind2=" "><marc:subfield code="a">Main description: Das Buch baut auf dem vom selben Autorenteam erschienen 1. Band &quot;Perl - Grundlagen und effektive Strategien&quot; auf. Das Buch zeigt, wie große Projekte mit Hilfe von Paketen und Modulen in übersichtliche Einheiten zerlegt werden können, führt umfassend in die objektorientierte Denkweise ein und stellt deren Umsetzung in Perl wie im ersten Band anhand von vielen anschaulichen Anwendungsbeispielen vor.</marc:subfield></marc:datafield><marc:datafield tag="520" ind1=" " ind2=" "><marc:subfield code="a">Review text: &quot;In anschaulicher und verständlicher Weise wird in die Skriptsprache Perl eingeführt.&quot; Prof. Dr.-Ing. habil. Steinbach, TU Bergakademie Freiberg</marc:subfield></marc:datafield><marc:datafield tag="533" ind1=" " ind2=" "><marc:subfield code="a">Online edition</marc:subfield><marc:subfield code="d">2009</marc:subfield><marc:subfield code="n">Online-Ausg.</marc:subfield><marc:subfield code="7">|2009||||||||||</marc:subfield></marc:datafield><marc:datafield tag="538" ind1=" " ind2=" "><marc:subfield code="a">Systemvoraussetzungen: Internet-Anschluss ; Adobe Acrobat Reader</marc:subfield></marc:datafield><marc:datafield tag="650" ind1=" " ind2="7"><marc:subfield code="0">(DE-601)123519713</marc:subfield><marc:subfield code="0">(DE-588)4307836-9</marc:subfield><marc:subfield code="a">Perl</marc:subfield><marc:subfield code="9">g:Programmiersprache</marc:subfield><marc:subfield code="2">gbv</marc:subfield></marc:datafield><marc:datafield tag="787" ind1="0" ind2="8"><marc:subfield code="i">Druckausg. u.d.T.: </marc:subfield><marc:subfield code="t">Seidel, Helmut: Perl</marc:subfield></marc:datafield><marc:datafield tag="856" ind1="4" ind2="0"><marc:subfield code="u">https://www.degruyter.com/view/product/230495?rskey=rWkKFx&amp;onlyResultQuery=978-3-486-59325-9</marc:subfield></marc:datafield><marc:datafield tag="856" ind1="4" ind2="0"><marc:subfield code="u">http://www.degruyter.com/search?f_0=isbnissn&amp;q_0=9783486593259&amp;searchTitles=true</marc:subfield><marc:subfield code="m">V:De Gruyter;X</marc:subfield></marc:datafield><marc:datafield tag="856" ind1="4" ind2="0"><marc:subfield code="u">http://dx.doi.org/10.1524/9783486593259</marc:subfield><marc:subfield code="m">V:De Gruyter;X</marc:subfield></marc:datafield><marc:datafield tag="900" ind1=" " ind2=" "><marc:subfield code="a">GBV</marc:subfield><marc:subfield code="b">UB Hildesheim &lt;Hil 2&gt;</marc:subfield><marc:subfield code="f">Campusweiter Zugriff. - Vervielfältigungen (z.B. Kopien, Downloads) sind nur von einzelnen Kapiteln oder Seiten und nur zum eigenen wissenschaftlichen Gebrauch erlaubt. Keine Weitergabe an Dritte. Kein systematisches Downloaden durch Robots.</marc:subfield></marc:datafield><marc:datafield tag="900" ind1=" " ind2=" "><marc:subfield code="a">GBV</marc:subfield><marc:subfield code="b">HS Merseburg &lt;542&gt;</marc:subfield><marc:subfield code="f">Ausdruck und Kopien sind ausschließlich für den eigenen wissenschaftlichen Gebrauch gestattet</marc:subfield></marc:datafield><marc:datafield tag="912" ind1=" " ind2=" "><marc:subfield code="a">ZDB-23-DGG</marc:subfield></marc:datafield><marc:datafield tag="912" ind1=" " ind2=" "><marc:subfield code="a">GBV-deGruyter-alles</marc:subfield></marc:datafield><marc:datafield tag="912" ind1=" " ind2=" "><marc:subfield code="a">GBV-deGruyter-PDA1ALL</marc:subfield></marc:datafield><marc:datafield tag="912" ind1=" " ind2=" "><marc:subfield code="a">GBV-deGruyter-PDA3STM</marc:subfield></marc:datafield><marc:datafield tag="912" ind1=" " ind2=" "><marc:subfield code="a">GBV-deGruyter-PDA5EBK</marc:subfield></marc:datafield><marc:datafield tag="954" ind1=" " ind2=" "><marc:subfield code="a">90</marc:subfield><marc:subfield code="b">1444685031</marc:subfield><marc:subfield code="c">01</marc:subfield><marc:subfield code="k">Campusweiter Zugriff. - Vervielfältigungen (z.B. Kopien, Downloads) sind nur von einzelnen Kapiteln oder Seiten und nur zum eigenen wissenschaftlichen Gebrauch erlaubt. Keine Weitergabe an Dritte. Kein systematisches Downloaden durch Robots.</marc:subfield><marc:subfield code="x">3090</marc:subfield></marc:datafield><marc:datafield tag="954" ind1=" " ind2=" "><marc:subfield code="a">95</marc:subfield><marc:subfield code="b">1510523928</marc:subfield><marc:subfield code="c">01</marc:subfield><marc:subfield code="k">Ausdruck und Kopien sind ausschließlich für den eigenen wissenschaftlichen Gebrauch gestattet</marc:subfield><marc:subfield code="x">3095</marc:subfield></marc:datafield></marc:record>