
<marc:record><marc:leader>06699nam a2201333 c 4500</marc:leader>
<marc:controlfield tag="001">369511360</marc:controlfield>
<marc:controlfield tag="003">DE-601</marc:controlfield><marc:controlfield tag="005">20141231180652.0</marc:controlfield><marc:controlfield tag="008">030916s2004    gw            000 0 ger d</marc:controlfield><marc:datafield tag="020" ind1=" " ind2=" "><marc:subfield code="a">3827321158</marc:subfield><marc:subfield code="c">EUR 49.95</marc:subfield><marc:subfield code="9">3-8273-2115-8</marc:subfield></marc:datafield><marc:datafield tag="020" ind1=" " ind2=" "><marc:subfield code="a">3827322634</marc:subfield><marc:subfield code="9">3-8273-2263-4</marc:subfield></marc:datafield><marc:datafield tag="035" ind1=" " ind2=" "><marc:subfield code="a">(OCoLC)76652376</marc:subfield></marc:datafield><marc:datafield tag="035" ind1=" " ind2=" "><marc:subfield code="a">(DE-599)GBV369511360</marc:subfield></marc:datafield><marc:datafield tag="040" ind1=" " ind2=" "><marc:subfield code="a">GBVCP</marc:subfield><marc:subfield code="b">ger</marc:subfield><marc:subfield code="c">GBVCP</marc:subfield><marc:subfield code="e">rakwb</marc:subfield></marc:datafield><marc:datafield tag="041" ind1="0" ind2=" "><marc:subfield code="a">ger</marc:subfield></marc:datafield><marc:datafield tag="044" ind1=" " ind2=" "><marc:subfield code="a">gw</marc:subfield><marc:subfield code="a">xxu</marc:subfield><marc:subfield code="a">xxk</marc:subfield></marc:datafield><marc:datafield tag="082" ind1="0" ind2="9"><marc:subfield code="a">004</marc:subfield></marc:datafield><marc:datafield tag="084" ind1=" " ind2=" "><marc:subfield code="a">54.53</marc:subfield><marc:subfield code="9">Programmiersprachen</marc:subfield><marc:subfield code="2">bcl</marc:subfield></marc:datafield><marc:datafield tag="084" ind1=" " ind2=" "><marc:subfield code="a">54.54</marc:subfield><marc:subfield code="9">Betriebssysteme</marc:subfield><marc:subfield code="2">bcl</marc:subfield></marc:datafield><marc:datafield tag="084" ind1=" " ind2=" "><marc:subfield code="a">ST 250</marc:subfield><marc:subfield code="2">rvk</marc:subfield></marc:datafield><marc:datafield tag="084" ind1=" " ind2=" "><marc:subfield code="a">ST 261</marc:subfield><marc:subfield code="2">rvk</marc:subfield></marc:datafield><marc:datafield tag="100" ind1="1" ind2=" "><marc:subfield code="a">Schorn, Wolfgang</marc:subfield></marc:datafield><marc:datafield tag="245" ind1="1" ind2="0"><marc:subfield code="a">Scriptprogrammierung für Solaris &amp; Linux</marc:subfield><marc:subfield code="b">Systemverwaltung und Automatisierung mit nawk, Korn-/Bourne-Shell und Perl</marc:subfield><marc:subfield code="c">Wolfgang Schorn; Jörg Schorn</marc:subfield></marc:datafield><marc:datafield tag="260" ind1="3" ind2=" "><marc:subfield code="a">München [u.a.]</marc:subfield><marc:subfield code="b">Addison-Wesley</marc:subfield><marc:subfield code="c">2004</marc:subfield></marc:datafield><marc:datafield tag="300" ind1=" " ind2=" "><marc:subfield code="a">526 S.</marc:subfield><marc:subfield code="b">Ill., graph. Darst.</marc:subfield><marc:subfield code="c">25 cm</marc:subfield></marc:datafield><marc:datafield tag="490" ind1="0" ind2=" "><marc:subfield code="a">Open source library</marc:subfield></marc:datafield><marc:datafield tag="500" ind1=" " ind2=" "><marc:subfield code="a">Literaturverz. S. [517] - 518</marc:subfield></marc:datafield><marc:datafield tag="650" ind1=" " ind2="7"><marc:subfield code="0">(DE-601)334248574</marc:subfield><marc:subfield code="0">(DE-588)4650601-9</marc:subfield><marc:subfield code="a">SOLARIS</marc:subfield><marc:subfield code="9">g:Betriebssystem</marc:subfield><marc:subfield code="2">gnd</marc:subfield></marc:datafield><marc:datafield tag="650" ind1=" " ind2="7"><marc:subfield code="0">(DE-601)470656204</marc:subfield><marc:subfield code="0">(DE-588)4800739-0</marc:subfield><marc:subfield code="a">nawk</marc:subfield><marc:subfield code="2">gnd</marc:subfield></marc:datafield><marc:datafield tag="650" ind1=" " ind2="7"><marc:subfield code="0">(DE-601)104719966</marc:subfield><marc:subfield code="0">(DE-588)4243828-7</marc:subfield><marc:subfield code="a">Korn-Shell</marc:subfield><marc:subfield code="2">gnd</marc:subfield></marc:datafield><marc:datafield tag="650" ind1=" " ind2="7"><marc:subfield code="0">(DE-601)104719974</marc:subfield><marc:subfield code="0">(DE-588)4243827-5</marc:subfield><marc:subfield code="a">Bourne-Shell</marc:subfield><marc:subfield code="2">gnd</marc:subfield></marc:datafield><marc:datafield tag="650" ind1=" " ind2="7"><marc:subfield code="0">(DE-601)123519713</marc:subfield><marc:subfield code="0">(DE-588)4307836-9</marc:subfield><marc:subfield code="a">Perl</marc:subfield><marc:subfield code="9">g:Programmiersprache</marc:subfield><marc:subfield code="2">gnd</marc:subfield></marc:datafield><marc:datafield tag="650" ind1=" " ind2="7"><marc:subfield code="0">(DE-601)152295526</marc:subfield><marc:subfield code="0">(DE-588)4337730-0</marc:subfield><marc:subfield code="a">LINUX</marc:subfield><marc:subfield code="2">gnd</marc:subfield></marc:datafield><marc:datafield tag="650" ind1=" " ind2="7"><marc:subfield code="0">(DE-601)470656204</marc:subfield><marc:subfield code="0">(DE-588)4800739-0</marc:subfield><marc:subfield code="a">nawk</marc:subfield><marc:subfield code="2">gnd</marc:subfield></marc:datafield><marc:datafield tag="650" ind1=" " ind2="7"><marc:subfield code="0">(DE-601)104719966</marc:subfield><marc:subfield code="0">(DE-588)4243828-7</marc:subfield><marc:subfield code="a">Korn-Shell</marc:subfield><marc:subfield code="2">gnd</marc:subfield></marc:datafield><marc:datafield tag="650" ind1=" " ind2="7"><marc:subfield code="0">(DE-601)104719974</marc:subfield><marc:subfield code="0">(DE-588)4243827-5</marc:subfield><marc:subfield code="a">Bourne-Shell</marc:subfield><marc:subfield code="2">gnd</marc:subfield></marc:datafield><marc:datafield tag="650" ind1=" " ind2="7"><marc:subfield code="0">(DE-601)123519713</marc:subfield><marc:subfield code="0">(DE-588)4307836-9</marc:subfield><marc:subfield code="a">Perl</marc:subfield><marc:subfield code="9">g:Programmiersprache</marc:subfield><marc:subfield code="2">gnd</marc:subfield></marc:datafield><marc:datafield tag="650" ind1=" " ind2="7"><marc:subfield code="0">(DE-601)152295526</marc:subfield><marc:subfield code="0">(DE-588)4337730-0</marc:subfield><marc:subfield code="a">LINUX</marc:subfield><marc:subfield code="2">gbv</marc:subfield></marc:datafield><marc:datafield tag="650" ind1=" " ind2="7"><marc:subfield code="0">(DE-601)222339799</marc:subfield><marc:subfield code="0">(DE-588)4431858-3</marc:subfield><marc:subfield code="a">Skript</marc:subfield><marc:subfield code="9">g:Programm</marc:subfield><marc:subfield code="2">gbv</marc:subfield></marc:datafield><marc:datafield tag="650" ind1=" " ind2="7"><marc:subfield code="0">(DE-601)334248574</marc:subfield><marc:subfield code="0">(DE-588)4650601-9</marc:subfield><marc:subfield code="a">SOLARIS</marc:subfield><marc:subfield code="9">g:Betriebssystem</marc:subfield><marc:subfield code="2">gbv</marc:subfield></marc:datafield><marc:datafield tag="650" ind1=" " ind2="7"><marc:subfield code="0">(DE-601)222339799</marc:subfield><marc:subfield code="0">(DE-588)4431858-3</marc:subfield><marc:subfield code="a">Skript</marc:subfield><marc:subfield code="9">g:Programm</marc:subfield><marc:subfield code="2">gbv</marc:subfield></marc:datafield><marc:datafield tag="689" ind1="0" ind2="0"><marc:subfield code="0">(DE-601)334248574</marc:subfield><marc:subfield code="0">(DE-588)4650601-9</marc:subfield><marc:subfield code="a">SOLARIS</marc:subfield><marc:subfield code="9">g:Betriebssystem</marc:subfield></marc:datafield><marc:datafield tag="689" ind1="0" ind2="1"><marc:subfield code="0">(DE-601)470656204</marc:subfield><marc:subfield code="0">(DE-588)4800739-0</marc:subfield><marc:subfield code="a">nawk</marc:subfield></marc:datafield><marc:datafield tag="689" ind1="0" ind2="2"><marc:subfield code="0">(DE-601)104719966</marc:subfield><marc:subfield code="0">(DE-588)4243828-7</marc:subfield><marc:subfield code="a">Korn-Shell</marc:subfield></marc:datafield><marc:datafield tag="689" ind1="0" ind2="3"><marc:subfield code="0">(DE-601)104719974</marc:subfield><marc:subfield code="0">(DE-588)4243827-5</marc:subfield><marc:subfield code="a">Bourne-Shell</marc:subfield></marc:datafield><marc:datafield tag="689" ind1="0" ind2="4"><marc:subfield code="0">(DE-601)123519713</marc:subfield><marc:subfield code="0">(DE-588)4307836-9</marc:subfield><marc:subfield code="a">Perl</marc:subfield><marc:subfield code="9">g:Programmiersprache</marc:subfield></marc:datafield><marc:datafield tag="689" ind1="0" ind2=" "><marc:subfield code="5">DE-101</marc:subfield></marc:datafield><marc:datafield tag="689" ind1="1" ind2="0"><marc:subfield code="0">(DE-601)152295526</marc:subfield><marc:subfield code="0">(DE-588)4337730-0</marc:subfield><marc:subfield code="a">LINUX</marc:subfield></marc:datafield><marc:datafield tag="689" ind1="1" ind2="1"><marc:subfield code="0">(DE-601)470656204</marc:subfield><marc:subfield code="0">(DE-588)4800739-0</marc:subfield><marc:subfield code="a">nawk</marc:subfield></marc:datafield><marc:datafield tag="689" ind1="1" ind2="2"><marc:subfield code="0">(DE-601)104719966</marc:subfield><marc:subfield code="0">(DE-588)4243828-7</marc:subfield><marc:subfield code="a">Korn-Shell</marc:subfield></marc:datafield><marc:datafield tag="689" ind1="1" ind2="3"><marc:subfield code="0">(DE-601)104719974</marc:subfield><marc:subfield code="0">(DE-588)4243827-5</marc:subfield><marc:subfield code="a">Bourne-Shell</marc:subfield></marc:datafield><marc:datafield tag="689" ind1="1" ind2="4"><marc:subfield code="0">(DE-601)123519713</marc:subfield><marc:subfield code="0">(DE-588)4307836-9</marc:subfield><marc:subfield code="a">Perl</marc:subfield><marc:subfield code="9">g:Programmiersprache</marc:subfield></marc:datafield><marc:datafield tag="689" ind1="1" ind2=" "><marc:subfield code="5">DE-101</marc:subfield></marc:datafield><marc:datafield tag="700" ind1="1" ind2=" "><marc:subfield code="a">Schorn, Jörg</marc:subfield><marc:subfield code="e">Author</marc:subfield><marc:subfield code="4">aut</marc:subfield></marc:datafield><marc:datafield tag="856" ind1="4" ind2="2"><marc:subfield code="y">Inhaltsverzeichnis</marc:subfield><marc:subfield code="u">http://www.gbv.de/du/services/toc/bs/369511360</marc:subfield><marc:subfield code="m">V:DE-601;DE-84</marc:subfield><marc:subfield code="3">Inhaltsverzeichnis</marc:subfield></marc:datafield><marc:datafield tag="856" ind1="4" ind2="2"><marc:subfield code="u">http://external.dandelon.com/download/attachments/dandelon/ids/DE0012BBCD22555DB5BD8C12571B60046D1AB.pdf</marc:subfield><marc:subfield code="m">V:DE-601;AGI</marc:subfield><marc:subfield code="3">Inhaltsverzeichnis</marc:subfield></marc:datafield><marc:datafield tag="900" ind1=" " ind2=" "><marc:subfield code="a">GBV</marc:subfield><marc:subfield code="b">UB Braunschweig &lt;84&gt;</marc:subfield><marc:subfield code="d">!LS1! CS K 439</marc:subfield><marc:subfield code="x">L</marc:subfield><marc:subfield code="z">LC</marc:subfield><marc:subfield code="d">2838-2616</marc:subfield><marc:subfield code="x">L</marc:subfield><marc:subfield code="z">LC</marc:subfield></marc:datafield><marc:datafield tag="900" ind1=" " ind2=" "><marc:subfield code="a">GBV</marc:subfield><marc:subfield code="b">SUB Bremen &lt;46&gt;</marc:subfield><marc:subfield code="d">!TB BHV! com 359/46</marc:subfield><marc:subfield code="x">L</marc:subfield><marc:subfield code="z">LC</marc:subfield></marc:datafield><marc:datafield tag="900" ind1=" " ind2=" "><marc:subfield code="a">GBV</marc:subfield><marc:subfield code="b">SUB+Uni Hamburg &lt;18&gt;</marc:subfield><marc:subfield code="d">!18/228! P SCH 34945</marc:subfield><marc:subfield code="x">N</marc:subfield><marc:subfield code="z">N</marc:subfield></marc:datafield><marc:datafield tag="900" ind1=" " ind2=" "><marc:subfield code="a">GBV</marc:subfield><marc:subfield code="b">TUB Hamburg &lt;830&gt;</marc:subfield><marc:subfield code="d">!TI! TIH-429</marc:subfield><marc:subfield code="d">2816-5972</marc:subfield></marc:datafield><marc:datafield tag="900" ind1=" " ind2=" "><marc:subfield code="a">GBV</marc:subfield><marc:subfield code="b">UB Kiel &lt;8&gt;</marc:subfield><marc:subfield code="d">!42 iwg 140! Fa 4145</marc:subfield><marc:subfield code="x">N</marc:subfield><marc:subfield code="z">N</marc:subfield><marc:subfield code="s">8</marc:subfield><marc:subfield code="d">!10 inf 855k! Bd 2265</marc:subfield><marc:subfield code="x">L</marc:subfield><marc:subfield code="z">LC</marc:subfield><marc:subfield code="s">8</marc:subfield></marc:datafield><marc:datafield tag="900" ind1=" " ind2=" "><marc:subfield code="a">GBV</marc:subfield><marc:subfield code="b">UB Ilmenau &lt;Ilm 1&gt;</marc:subfield><marc:subfield code="d">!53! INF ST 261 U61 S374</marc:subfield><marc:subfield code="x">L</marc:subfield><marc:subfield code="z">LC</marc:subfield><marc:subfield code="d">!53! INF ST 261 U61 S374+2</marc:subfield><marc:subfield code="x">L</marc:subfield><marc:subfield code="z">LC</marc:subfield></marc:datafield><marc:datafield tag="900" ind1=" " ind2=" "><marc:subfield code="a">GBV</marc:subfield><marc:subfield code="b">UB Rostock &lt;28&gt;</marc:subfield><marc:subfield code="d">!Wa1! Az-434</marc:subfield><marc:subfield code="x">L</marc:subfield><marc:subfield code="z">LC</marc:subfield><marc:subfield code="s">0028/1</marc:subfield></marc:datafield><marc:datafield tag="900" ind1=" " ind2=" "><marc:subfield code="a">GBV</marc:subfield><marc:subfield code="b">UB Weimar &lt;Wim 2&gt;</marc:subfield><marc:subfield code="d">!Habi(EDV)! 220 735</marc:subfield><marc:subfield code="x">N</marc:subfield><marc:subfield code="z">N</marc:subfield></marc:datafield><marc:datafield tag="900" ind1=" " ind2=" "><marc:subfield code="a">GBV</marc:subfield><marc:subfield code="b">ULB Halle &lt;3&gt;</marc:subfield><marc:subfield code="d">!Ha 4! U RZ 04-9</marc:subfield><marc:subfield code="x">L</marc:subfield><marc:subfield code="z">LC</marc:subfield><marc:subfield code="s">3/4</marc:subfield><marc:subfield code="d">!Ha 4! MI 2005-222</marc:subfield><marc:subfield code="x">L</marc:subfield><marc:subfield code="z">LC</marc:subfield><marc:subfield code="s">3/4</marc:subfield><marc:subfield code="d">!Ha 4! U RZ 05-52</marc:subfield><marc:subfield code="x">L</marc:subfield><marc:subfield code="z">LC</marc:subfield><marc:subfield code="s">3/4</marc:subfield></marc:datafield><marc:datafield tag="900" ind1=" " ind2=" "><marc:subfield code="a">GBV</marc:subfield><marc:subfield code="b">TIB/UB Hannover &lt;89&gt;</marc:subfield><marc:subfield code="d">T 04 B 6168</marc:subfield><marc:subfield code="x">L</marc:subfield><marc:subfield code="z">LC</marc:subfield><marc:subfield code="d">T 04 B 6168 a</marc:subfield><marc:subfield code="x">L</marc:subfield><marc:subfield code="z">LC</marc:subfield></marc:datafield><marc:datafield tag="900" ind1=" " ind2=" "><marc:subfield code="a">GBV</marc:subfield><marc:subfield code="b">BIS Uni Oldenburg &lt;715&gt;</marc:subfield><marc:subfield code="d">!4057! inf 350 JO 1330</marc:subfield><marc:subfield code="x">N</marc:subfield><marc:subfield code="z">N</marc:subfield><marc:subfield code="d">inf 350 CP 3428</marc:subfield><marc:subfield code="x">L</marc:subfield><marc:subfield code="z">LC</marc:subfield></marc:datafield><marc:datafield tag="900" ind1=" " ind2=" "><marc:subfield code="a">GBV</marc:subfield><marc:subfield code="b">HS Osnabrueck &lt;959&gt;</marc:subfield><marc:subfield code="d">!W! TWR 119 696</marc:subfield><marc:subfield code="x">L</marc:subfield><marc:subfield code="z">LC</marc:subfield><marc:subfield code="s">0959/1</marc:subfield><marc:subfield code="d">!W! TWR 119 696+1</marc:subfield><marc:subfield code="x">L</marc:subfield><marc:subfield code="z">LC</marc:subfield><marc:subfield code="s">0959/1</marc:subfield></marc:datafield><marc:datafield tag="900" ind1=" " ind2=" "><marc:subfield code="a">GBV</marc:subfield><marc:subfield code="b">EAH Jena &lt;J 59&gt;</marc:subfield><marc:subfield code="d">54.54,935-04/09996</marc:subfield><marc:subfield code="x">L</marc:subfield><marc:subfield code="z">LC</marc:subfield></marc:datafield><marc:datafield tag="900" ind1=" " ind2=" "><marc:subfield code="a">GBV</marc:subfield><marc:subfield code="b">AWI Bremerhaven &lt;Bv 2&gt;</marc:subfield><marc:subfield code="d">!NE! kyb 325 12</marc:subfield><marc:subfield code="x">N</marc:subfield><marc:subfield code="z">N</marc:subfield></marc:datafield><marc:datafield tag="900" ind1=" " ind2=" "><marc:subfield code="a">GBV</marc:subfield><marc:subfield code="b">HSB Emden/Leer &lt;755&gt;</marc:subfield><marc:subfield code="d">!RZ! TWR / Scho</marc:subfield><marc:subfield code="x">N</marc:subfield><marc:subfield code="z">N</marc:subfield><marc:subfield code="f">Büro Gedenk, Gundolf</marc:subfield></marc:datafield><marc:datafield tag="900" ind1=" " ind2=" "><marc:subfield code="a">GBV</marc:subfield><marc:subfield code="b">FH Stralsund &lt;Sra 5&gt;</marc:subfield><marc:subfield code="d">ST 261 U61 S374</marc:subfield><marc:subfield code="x">L</marc:subfield><marc:subfield code="z">LC</marc:subfield></marc:datafield><marc:datafield tag="900" ind1=" " ind2=" "><marc:subfield code="a">GBV</marc:subfield><marc:subfield code="b">HS Neubrandenburg &lt;519&gt;</marc:subfield><marc:subfield code="d">!FH! 64:TWG-328</marc:subfield><marc:subfield code="x">L</marc:subfield><marc:subfield code="z">LC</marc:subfield></marc:datafield><marc:datafield tag="900" ind1=" " ind2=" "><marc:subfield code="a">GBV</marc:subfield><marc:subfield code="b">Thür. Behördenbibl. Jena</marc:subfield><marc:subfield code="d">!OLG-HB! 17.01.:21730</marc:subfield><marc:subfield code="x">N</marc:subfield><marc:subfield code="z">N</marc:subfield><marc:subfield code="s">3188/002</marc:subfield><marc:subfield code="d">083</marc:subfield><marc:subfield code="d">21730</marc:subfield><marc:subfield code="f">E-Book</marc:subfield></marc:datafield><marc:datafield tag="900" ind1=" " ind2=" "><marc:subfield code="a">GBV</marc:subfield><marc:subfield code="b">Berufsakad. Thüringen &lt;Ei 6&gt;</marc:subfield><marc:subfield code="d">!FH! 54.54(Sc)/Informatik</marc:subfield><marc:subfield code="x">N</marc:subfield><marc:subfield code="z">N</marc:subfield></marc:datafield><marc:datafield tag="950" ind1=" " ind2=" "><marc:subfield code="a">LINUX</marc:subfield><marc:subfield code="2">160</marc:subfield></marc:datafield><marc:datafield tag="950" ind1=" " ind2=" "><marc:subfield code="a">SOLARIS</marc:subfield><marc:subfield code="2">160</marc:subfield></marc:datafield><marc:datafield tag="950" ind1=" " ind2=" "><marc:subfield code="a">Programmierung / Script</marc:subfield><marc:subfield code="2">186</marc:subfield></marc:datafield><marc:datafield tag="950" ind1=" " ind2=" "><marc:subfield code="a">nawk</marc:subfield><marc:subfield code="2">186</marc:subfield></marc:datafield><marc:datafield tag="950" ind1=" " ind2=" "><marc:subfield code="a">Shell / Perl</marc:subfield><marc:subfield code="2">186</marc:subfield></marc:datafield><marc:datafield tag="951" ind1=" " ind2=" "><marc:subfield code="a">com 359</marc:subfield><marc:subfield code="2">21</marc:subfield></marc:datafield><marc:datafield tag="951" ind1=" " ind2=" "><marc:subfield code="a">ST 261 U61</marc:subfield><marc:subfield code="2">32</marc:subfield></marc:datafield><marc:datafield tag="951" ind1=" " ind2=" "><marc:subfield code="a">ST 261 S66</marc:subfield><marc:subfield code="2">32</marc:subfield></marc:datafield><marc:datafield tag="951" ind1=" " ind2=" "><marc:subfield code="a">Hg 1500</marc:subfield><marc:subfield code="2">63</marc:subfield></marc:datafield><marc:datafield tag="951" ind1=" " ind2=" "><marc:subfield code="a">inf 350</marc:subfield><marc:subfield code="2">120</marc:subfield></marc:datafield><marc:datafield tag="951" ind1=" " ind2=" "><marc:subfield code="a">TWR</marc:subfield><marc:subfield code="2">160</marc:subfield></marc:datafield><marc:datafield tag="951" ind1=" " ind2=" "><marc:subfield code="a">rz-ged</marc:subfield><marc:subfield code="2">160</marc:subfield></marc:datafield><marc:datafield tag="951" ind1=" " ind2=" "><marc:subfield code="a">ST 261 U61</marc:subfield><marc:subfield code="2">185</marc:subfield></marc:datafield><marc:datafield tag="954" ind1=" " ind2=" "><marc:subfield code="a">20</marc:subfield><marc:subfield code="b">661947599</marc:subfield><marc:subfield code="c">01</marc:subfield><marc:subfield code="f">LS1</marc:subfield><marc:subfield code="d">CS K 439</marc:subfield><marc:subfield code="d">2838-2616</marc:subfield><marc:subfield code="x">0084</marc:subfield></marc:datafield><marc:datafield tag="954" ind1=" " ind2=" "><marc:subfield code="a">21</marc:subfield><marc:subfield code="b">668340037</marc:subfield><marc:subfield code="c">01</marc:subfield><marc:subfield code="f">TB BHV</marc:subfield><marc:subfield code="d">com 359/46</marc:subfield><marc:subfield code="e">u</marc:subfield><marc:subfield code="x">0046</marc:subfield></marc:datafield><marc:datafield tag="954" ind1=" " ind2=" "><marc:subfield code="a">22</marc:subfield><marc:subfield code="b">665929285</marc:subfield><marc:subfield code="c">01</marc:subfield><marc:subfield code="f">18/228</marc:subfield><marc:subfield code="d">P SCH 34945</marc:subfield><marc:subfield code="e">c</marc:subfield><marc:subfield code="x">0018</marc:subfield></marc:datafield><marc:datafield tag="954" ind1=" " ind2=" "><marc:subfield code="a">23</marc:subfield><marc:subfield code="b">689211767</marc:subfield><marc:subfield code="c">01</marc:subfield><marc:subfield code="f">TI</marc:subfield><marc:subfield code="d">TIH-429</marc:subfield><marc:subfield code="d">2816-5972</marc:subfield><marc:subfield code="x">0830</marc:subfield></marc:datafield><marc:datafield tag="954" ind1=" " ind2=" "><marc:subfield code="a">24</marc:subfield><marc:subfield code="b">668885351</marc:subfield><marc:subfield code="c">01</marc:subfield><marc:subfield code="f">42 iwg 140</marc:subfield><marc:subfield code="d">Fa 4145</marc:subfield><marc:subfield code="e">i</marc:subfield><marc:subfield code="x">0008</marc:subfield></marc:datafield><marc:datafield tag="954" ind1=" " ind2=" "><marc:subfield code="a">24</marc:subfield><marc:subfield code="b">715747886</marc:subfield><marc:subfield code="c">02</marc:subfield><marc:subfield code="f">10 inf 855k</marc:subfield><marc:subfield code="d">Bd 2265</marc:subfield><marc:subfield code="e">u</marc:subfield><marc:subfield code="x">0008</marc:subfield></marc:datafield><marc:datafield tag="954" ind1=" " ind2=" "><marc:subfield code="a">32</marc:subfield><marc:subfield code="b">671060716</marc:subfield><marc:subfield code="c">02</marc:subfield><marc:subfield code="f">53</marc:subfield><marc:subfield code="d">INF ST 261 U61 S374</marc:subfield><marc:subfield code="e">u</marc:subfield><marc:subfield code="x">3400</marc:subfield></marc:datafield><marc:datafield tag="954" ind1=" " ind2=" "><marc:subfield code="a">32</marc:subfield><marc:subfield code="b">925701750</marc:subfield><marc:subfield code="c">03</marc:subfield><marc:subfield code="f">53</marc:subfield><marc:subfield code="d">INF ST 261 U61 S374+2</marc:subfield><marc:subfield code="e">u</marc:subfield><marc:subfield code="x">3400</marc:subfield></marc:datafield><marc:datafield tag="954" ind1=" " ind2=" "><marc:subfield code="a">62</marc:subfield><marc:subfield code="b">800852095</marc:subfield><marc:subfield code="c">01</marc:subfield><marc:subfield code="f">Wa1</marc:subfield><marc:subfield code="d">Az-434</marc:subfield><marc:subfield code="e">u</marc:subfield><marc:subfield code="x">0028/1</marc:subfield></marc:datafield><marc:datafield tag="954" ind1=" " ind2=" "><marc:subfield code="a">63</marc:subfield><marc:subfield code="b">801677637</marc:subfield><marc:subfield code="c">01</marc:subfield><marc:subfield code="f">Habi(EDV)</marc:subfield><marc:subfield code="d">220 735</marc:subfield><marc:subfield code="e">g</marc:subfield><marc:subfield code="x">3401</marc:subfield></marc:datafield><marc:datafield tag="954" ind1=" " ind2=" "><marc:subfield code="a">65</marc:subfield><marc:subfield code="b">604065175</marc:subfield><marc:subfield code="c">01</marc:subfield><marc:subfield code="f">Ha 4</marc:subfield><marc:subfield code="d">U RZ 04-9</marc:subfield><marc:subfield code="e">u</marc:subfield><marc:subfield code="x">3/4</marc:subfield></marc:datafield><marc:datafield tag="954" ind1=" " ind2=" "><marc:subfield code="a">65</marc:subfield><marc:subfield code="b">711345813</marc:subfield><marc:subfield code="c">02</marc:subfield><marc:subfield code="f">Ha 4</marc:subfield><marc:subfield code="d">MI 2005-222</marc:subfield><marc:subfield code="e">u</marc:subfield><marc:subfield code="x">3/4</marc:subfield></marc:datafield><marc:datafield tag="954" ind1=" " ind2=" "><marc:subfield code="a">65</marc:subfield><marc:subfield code="b">729635104</marc:subfield><marc:subfield code="c">03</marc:subfield><marc:subfield code="f">Ha 4</marc:subfield><marc:subfield code="d">U RZ 05-52</marc:subfield><marc:subfield code="e">u</marc:subfield><marc:subfield code="x">3/4</marc:subfield></marc:datafield><marc:datafield tag="954" ind1=" " ind2=" "><marc:subfield code="a">70</marc:subfield><marc:subfield code="b">66385721X</marc:subfield><marc:subfield code="c">01</marc:subfield><marc:subfield code="d">T 04 B 6168</marc:subfield><marc:subfield code="e">u</marc:subfield><marc:subfield code="x">0089</marc:subfield></marc:datafield><marc:datafield tag="954" ind1=" " ind2=" "><marc:subfield code="a">70</marc:subfield><marc:subfield code="b">768728908</marc:subfield><marc:subfield code="c">02</marc:subfield><marc:subfield code="d">T 04 B 6168 a</marc:subfield><marc:subfield code="e">u</marc:subfield><marc:subfield code="x">0089</marc:subfield></marc:datafield><marc:datafield tag="954" ind1=" " ind2=" "><marc:subfield code="a">120</marc:subfield><marc:subfield code="b">722349777</marc:subfield><marc:subfield code="c">01</marc:subfield><marc:subfield code="f">4057</marc:subfield><marc:subfield code="d">inf 350 JO 1330</marc:subfield><marc:subfield code="e">g</marc:subfield><marc:subfield code="x">0715</marc:subfield></marc:datafield><marc:datafield tag="954" ind1=" " ind2=" "><marc:subfield code="a">120</marc:subfield><marc:subfield code="b">745775845</marc:subfield><marc:subfield code="c">02</marc:subfield><marc:subfield code="d">inf 350 CP 3428</marc:subfield><marc:subfield code="e">u</marc:subfield><marc:subfield code="x">0715</marc:subfield></marc:datafield><marc:datafield tag="954" ind1=" " ind2=" "><marc:subfield code="a">132</marc:subfield><marc:subfield code="b">647306794</marc:subfield><marc:subfield code="c">01</marc:subfield><marc:subfield code="f">W</marc:subfield><marc:subfield code="d">TWR 119 696</marc:subfield><marc:subfield code="e">u</marc:subfield><marc:subfield code="x">0959/1</marc:subfield></marc:datafield><marc:datafield tag="954" ind1=" " ind2=" "><marc:subfield code="a">132</marc:subfield><marc:subfield code="b">669247367</marc:subfield><marc:subfield code="c">02</marc:subfield><marc:subfield code="f">W</marc:subfield><marc:subfield code="d">TWR 119 696+1</marc:subfield><marc:subfield code="e">u</marc:subfield><marc:subfield code="x">0959/1</marc:subfield></marc:datafield><marc:datafield tag="954" ind1=" " ind2=" "><marc:subfield code="a">150</marc:subfield><marc:subfield code="b">682525758</marc:subfield><marc:subfield code="c">01</marc:subfield><marc:subfield code="d">54.54,935-04/09996</marc:subfield><marc:subfield code="e">u</marc:subfield><marc:subfield code="x">3406</marc:subfield></marc:datafield><marc:datafield tag="954" ind1=" " ind2=" "><marc:subfield code="a">154</marc:subfield><marc:subfield code="b">890174741</marc:subfield><marc:subfield code="c">01</marc:subfield><marc:subfield code="f">NE</marc:subfield><marc:subfield code="d">kyb 325 12</marc:subfield><marc:subfield code="e">i</marc:subfield><marc:subfield code="x">3713</marc:subfield></marc:datafield><marc:datafield tag="954" ind1=" " ind2=" "><marc:subfield code="a">160</marc:subfield><marc:subfield code="b">655136843</marc:subfield><marc:subfield code="c">01</marc:subfield><marc:subfield code="f">RZ</marc:subfield><marc:subfield code="d">TWR / Scho</marc:subfield><marc:subfield code="e">g</marc:subfield><marc:subfield code="k">Büro Gedenk, Gundolf</marc:subfield><marc:subfield code="x">0755</marc:subfield></marc:datafield><marc:datafield tag="954" ind1=" " ind2=" "><marc:subfield code="a">185</marc:subfield><marc:subfield code="b">673935833</marc:subfield><marc:subfield code="c">01</marc:subfield><marc:subfield code="d">ST 261 U61 S374</marc:subfield><marc:subfield code="e">u</marc:subfield><marc:subfield code="x">3519</marc:subfield></marc:datafield><marc:datafield tag="954" ind1=" " ind2=" "><marc:subfield code="a">186</marc:subfield><marc:subfield code="b">61555251X</marc:subfield><marc:subfield code="c">01</marc:subfield><marc:subfield code="f">FH</marc:subfield><marc:subfield code="d">64:TWG-328</marc:subfield><marc:subfield code="e">u</marc:subfield><marc:subfield code="x">0519</marc:subfield></marc:datafield><marc:datafield tag="954" ind1=" " ind2=" "><marc:subfield code="a">188</marc:subfield><marc:subfield code="b">852174233</marc:subfield><marc:subfield code="c">01</marc:subfield><marc:subfield code="f">OLG-HB</marc:subfield><marc:subfield code="d">17.01.:21730</marc:subfield><marc:subfield code="e">i</marc:subfield><marc:subfield code="d">083</marc:subfield><marc:subfield code="d">21730</marc:subfield><marc:subfield code="k">E-Book</marc:subfield><marc:subfield code="x">3188/002</marc:subfield></marc:datafield><marc:datafield tag="954" ind1=" " ind2=" "><marc:subfield code="a">281</marc:subfield><marc:subfield code="b">925285773</marc:subfield><marc:subfield code="c">01</marc:subfield><marc:subfield code="f">FH</marc:subfield><marc:subfield code="d">54.54(Sc)/Informatik</marc:subfield><marc:subfield code="e">c</marc:subfield><marc:subfield code="x">3281</marc:subfield></marc:datafield></marc:record>