
<marc:record><marc:leader>03223nam a2200601 c 4500</marc:leader>
<marc:controlfield tag="001">470703601</marc:controlfield>
<marc:controlfield tag="003">DE-601</marc:controlfield><marc:controlfield tag="005">20130315231009.0</marc:controlfield><marc:controlfield tag="008">041105s2003    cc            000 0 ger d</marc:controlfield><marc:datafield tag="020" ind1=" " ind2=" "><marc:subfield code="a">3897211440 (kart.)</marc:subfield><marc:subfield code="c">€ 56.00</marc:subfield><marc:subfield code="9">3-89721-144-0</marc:subfield></marc:datafield><marc:datafield tag="035" ind1=" " ind2=" "><marc:subfield code="a">(OCoLC)217875210</marc:subfield></marc:datafield><marc:datafield tag="035" ind1=" " ind2=" "><marc:subfield code="a">(DE-599)GBV470703601</marc:subfield></marc:datafield><marc:datafield tag="040" ind1=" " ind2=" "><marc:subfield code="a">GBVCP</marc:subfield><marc:subfield code="b">ger</marc:subfield><marc:subfield code="c">GBVCP</marc:subfield><marc:subfield code="e">rakwb</marc:subfield></marc:datafield><marc:datafield tag="041" ind1="0" ind2=" "><marc:subfield code="a">ger</marc:subfield><marc:subfield code="a">eng</marc:subfield></marc:datafield><marc:datafield tag="044" ind1=" " ind2=" "><marc:subfield code="a">cc</marc:subfield><marc:subfield code="a">xxk</marc:subfield><marc:subfield code="a">xxu</marc:subfield></marc:datafield><marc:datafield tag="084" ind1=" " ind2=" "><marc:subfield code="a">28</marc:subfield><marc:subfield code="2">sdnb</marc:subfield></marc:datafield><marc:datafield tag="084" ind1=" " ind2=" "><marc:subfield code="a">54.53</marc:subfield><marc:subfield code="9">Programmiersprachen</marc:subfield><marc:subfield code="2">bcl</marc:subfield></marc:datafield><marc:datafield tag="100" ind1="1" ind2=" "><marc:subfield code="a">Wall, Larry</marc:subfield></marc:datafield><marc:datafield tag="240" ind1="1" ind2="0"><marc:subfield code="a">Programming Perl &lt;dt.&gt;</marc:subfield></marc:datafield><marc:datafield tag="245" ind1="1" ind2="0"><marc:subfield code="a">Programmieren mit Perl</marc:subfield><marc:subfield code="c">Larry Wall; Tom Christiansen &amp; Jon Orwant. Dt. Übers. von Peter Klicman</marc:subfield></marc:datafield><marc:datafield tag="250" ind1=" " ind2=" "><marc:subfield code="a">Dt. Ausg. der 3. Aufl., 2. Aufl., 2., korrigierter Nachdr.</marc:subfield></marc:datafield><marc:datafield tag="260" ind1="3" ind2=" "><marc:subfield code="a">Beijing [u. a.]</marc:subfield><marc:subfield code="b">O'Reilly</marc:subfield><marc:subfield code="c">2003</marc:subfield></marc:datafield><marc:datafield tag="300" ind1=" " ind2=" "><marc:subfield code="a">XXXII, 1095 S.</marc:subfield><marc:subfield code="b">graph. Darst.</marc:subfield></marc:datafield><marc:datafield tag="650" ind1=" " ind2="7"><marc:subfield code="0">(DE-601)332676242</marc:subfield><marc:subfield code="0">(DE-588)4646656-3</marc:subfield><marc:subfield code="a">Perl 5.6</marc:subfield><marc:subfield code="2">gnd</marc:subfield></marc:datafield><marc:datafield tag="689" ind1="0" ind2="0"><marc:subfield code="0">(DE-601)332676242</marc:subfield><marc:subfield code="0">(DE-588)4646656-3</marc:subfield><marc:subfield code="a">Perl 5.6</marc:subfield></marc:datafield><marc:datafield tag="700" ind1="1" ind2=" "><marc:subfield code="a">Christiansen, Tom</marc:subfield><marc:subfield code="e">Author</marc:subfield><marc:subfield code="4">aut</marc:subfield></marc:datafield><marc:datafield tag="700" ind1="1" ind2=" "><marc:subfield code="a">Orwant, Jon</marc:subfield><marc:subfield code="e">Author</marc:subfield><marc:subfield code="4">aut</marc:subfield></marc:datafield><marc:datafield tag="856" ind1="4" ind2="2"><marc:subfield code="y">Inhaltsverzeichnis</marc:subfield><marc:subfield code="u">http://www.gbv.de/dms/hebis-darmstadt/toc/189162457.pdf</marc:subfield><marc:subfield code="m">V:DE-603;DE-17</marc:subfield><marc:subfield code="3">Inhaltsverzeichnis</marc:subfield></marc:datafield><marc:datafield tag="900" ind1=" " ind2=" "><marc:subfield code="a">GBV</marc:subfield><marc:subfield code="b">UB Rostock &lt;28&gt;</marc:subfield><marc:subfield code="d">!28/BB1! ST 250 P30 W187 P96(2)</marc:subfield><marc:subfield code="x">L</marc:subfield><marc:subfield code="z">LC</marc:subfield><marc:subfield code="d">!28/BB1! ST 250 P30 W187 P96(2)</marc:subfield><marc:subfield code="x">L</marc:subfield><marc:subfield code="z">LC</marc:subfield><marc:subfield code="d">!28/BB1-LBS! ST 250 P30 W187 P96(2)</marc:subfield><marc:subfield code="x">N</marc:subfield><marc:subfield code="z">N</marc:subfield><marc:subfield code="d">!28/BB1-LBS! ST 250 P30 W187 P96(2)</marc:subfield><marc:subfield code="x">N</marc:subfield><marc:subfield code="z">N</marc:subfield><marc:subfield code="d">!28/BB1-LBS! ST 250 P30 W187 P96(2)</marc:subfield><marc:subfield code="x">N</marc:subfield><marc:subfield code="z">N</marc:subfield><marc:subfield code="d">!28/BB1-LBS! ST 250 P30 W187 P96(2)</marc:subfield><marc:subfield code="x">N</marc:subfield><marc:subfield code="z">N</marc:subfield><marc:subfield code="d">!28/BB1-LBS! ST 250 P30 W187 P96(2)</marc:subfield><marc:subfield code="x">N</marc:subfield><marc:subfield code="z">N</marc:subfield><marc:subfield code="d">!Kue 3! 519.687</marc:subfield><marc:subfield code="x">N</marc:subfield><marc:subfield code="z">N</marc:subfield><marc:subfield code="s">0028/2</marc:subfield></marc:datafield><marc:datafield tag="900" ind1=" " ind2=" "><marc:subfield code="a">GBV</marc:subfield><marc:subfield code="b">BIS Uni Oldenburg &lt;715&gt;</marc:subfield><marc:subfield code="d">inf 340 per CC 8345,2,2003</marc:subfield><marc:subfield code="x">L</marc:subfield><marc:subfield code="z">LC</marc:subfield><marc:subfield code="d">!4024! inf 340 per CC 8345,2,2003a</marc:subfield><marc:subfield code="x">N</marc:subfield><marc:subfield code="z">N</marc:subfield></marc:datafield><marc:datafield tag="900" ind1=" " ind2=" "><marc:subfield code="a">GBV</marc:subfield><marc:subfield code="b">EAH Jena &lt;J 59&gt;</marc:subfield><marc:subfield code="d">54.53,1537-09/04608</marc:subfield><marc:subfield code="x">L</marc:subfield><marc:subfield code="z">LC</marc:subfield></marc:datafield><marc:datafield tag="900" ind1=" " ind2=" "><marc:subfield code="a">GBV</marc:subfield><marc:subfield code="b">HSB Emden/Leer &lt;755&gt;</marc:subfield><marc:subfield code="d">TXU / Wal</marc:subfield><marc:subfield code="x">N</marc:subfield><marc:subfield code="z">N</marc:subfield><marc:subfield code="d">TXU / Wal</marc:subfield><marc:subfield code="x">L</marc:subfield><marc:subfield code="z">LC</marc:subfield></marc:datafield><marc:datafield tag="900" ind1=" " ind2=" "><marc:subfield code="a">GBV</marc:subfield><marc:subfield code="b">Ostfalia Wolfenbüttel &lt;916&gt;</marc:subfield><marc:subfield code="d">!WF! IT Gp 826/2</marc:subfield><marc:subfield code="x">L</marc:subfield><marc:subfield code="z">LC</marc:subfield></marc:datafield><marc:datafield tag="900" ind1=" " ind2=" "><marc:subfield code="a">GBV</marc:subfield><marc:subfield code="b">FH Heide &lt;1041&gt;</marc:subfield><marc:subfield code="d">EDV 3210-PER /91(2):1</marc:subfield><marc:subfield code="x">L</marc:subfield><marc:subfield code="z">C</marc:subfield><marc:subfield code="d">EDV 3210-PER /91(2):1</marc:subfield><marc:subfield code="x">L</marc:subfield><marc:subfield code="z">C</marc:subfield><marc:subfield code="d">EDV 3210-PER /91(2):2</marc:subfield><marc:subfield code="x">L</marc:subfield><marc:subfield code="z">LC</marc:subfield></marc:datafield><marc:datafield tag="951" ind1=" " ind2=" "><marc:subfield code="a">inf 340 per</marc:subfield><marc:subfield code="2">120</marc:subfield></marc:datafield><marc:datafield tag="951" ind1=" " ind2=" "><marc:subfield code="a">TXU</marc:subfield><marc:subfield code="2">160</marc:subfield></marc:datafield><marc:datafield tag="954" ind1=" " ind2=" "><marc:subfield code="a">62</marc:subfield><marc:subfield code="b">753249057</marc:subfield><marc:subfield code="c">01</marc:subfield><marc:subfield code="f">28/BB1</marc:subfield><marc:subfield code="d">ST 250 P30 W187 P96(2)</marc:subfield><marc:subfield code="e">u</marc:subfield><marc:subfield code="x">0028</marc:subfield></marc:datafield><marc:datafield tag="954" ind1=" " ind2=" "><marc:subfield code="a">62</marc:subfield><marc:subfield code="b">755886526</marc:subfield><marc:subfield code="c">02</marc:subfield><marc:subfield code="f">28/BB1</marc:subfield><marc:subfield code="d">ST 250 P30 W187 P96(2)</marc:subfield><marc:subfield code="e">u</marc:subfield><marc:subfield code="x">0028</marc:subfield></marc:datafield><marc:datafield tag="954" ind1=" " ind2=" "><marc:subfield code="a">62</marc:subfield><marc:subfield code="b">775370274</marc:subfield><marc:subfield code="c">04</marc:subfield><marc:subfield code="f">28/BB1-LBS</marc:subfield><marc:subfield code="d">ST 250 P30 W187 P96(2)</marc:subfield><marc:subfield code="e">c</marc:subfield><marc:subfield code="x">0028</marc:subfield></marc:datafield><marc:datafield tag="954" ind1=" " ind2=" "><marc:subfield code="a">62</marc:subfield><marc:subfield code="b">778574768</marc:subfield><marc:subfield code="c">05</marc:subfield><marc:subfield code="f">28/BB1-LBS</marc:subfield><marc:subfield code="d">ST 250 P30 W187 P96(2)</marc:subfield><marc:subfield code="e">c</marc:subfield><marc:subfield code="x">0028</marc:subfield></marc:datafield><marc:datafield tag="954" ind1=" " ind2=" "><marc:subfield code="a">62</marc:subfield><marc:subfield code="b">778574776</marc:subfield><marc:subfield code="c">06</marc:subfield><marc:subfield code="f">28/BB1-LBS</marc:subfield><marc:subfield code="d">ST 250 P30 W187 P96(2)</marc:subfield><marc:subfield code="e">c</marc:subfield><marc:subfield code="x">0028</marc:subfield></marc:datafield><marc:datafield tag="954" ind1=" " ind2=" "><marc:subfield code="a">62</marc:subfield><marc:subfield code="b">778574784</marc:subfield><marc:subfield code="c">07</marc:subfield><marc:subfield code="f">28/BB1-LBS</marc:subfield><marc:subfield code="d">ST 250 P30 W187 P96(2)</marc:subfield><marc:subfield code="e">c</marc:subfield><marc:subfield code="x">0028</marc:subfield></marc:datafield><marc:datafield tag="954" ind1=" " ind2=" "><marc:subfield code="a">62</marc:subfield><marc:subfield code="b">778574792</marc:subfield><marc:subfield code="c">08</marc:subfield><marc:subfield code="f">28/BB1-LBS</marc:subfield><marc:subfield code="d">ST 250 P30 W187 P96(2)</marc:subfield><marc:subfield code="e">c</marc:subfield><marc:subfield code="x">0028</marc:subfield></marc:datafield><marc:datafield tag="954" ind1=" " ind2=" "><marc:subfield code="a">62</marc:subfield><marc:subfield code="b">951550888</marc:subfield><marc:subfield code="c">09</marc:subfield><marc:subfield code="f">Kue 3</marc:subfield><marc:subfield code="d">519.687</marc:subfield><marc:subfield code="e">i</marc:subfield><marc:subfield code="x">0028/2</marc:subfield></marc:datafield><marc:datafield tag="954" ind1=" " ind2=" "><marc:subfield code="a">120</marc:subfield><marc:subfield code="b">678838879</marc:subfield><marc:subfield code="c">01</marc:subfield><marc:subfield code="d">inf 340 per CC 8345,2,2003</marc:subfield><marc:subfield code="e">u</marc:subfield><marc:subfield code="x">0715</marc:subfield></marc:datafield><marc:datafield tag="954" ind1=" " ind2=" "><marc:subfield code="a">120</marc:subfield><marc:subfield code="b">695561073</marc:subfield><marc:subfield code="c">02</marc:subfield><marc:subfield code="f">4024</marc:subfield><marc:subfield code="d">inf 340 per CC 8345,2,2003a</marc:subfield><marc:subfield code="e">g</marc:subfield><marc:subfield code="x">0715</marc:subfield></marc:datafield><marc:datafield tag="954" ind1=" " ind2=" "><marc:subfield code="a">150</marc:subfield><marc:subfield code="b">950176729</marc:subfield><marc:subfield code="c">01</marc:subfield><marc:subfield code="d">54.53,1537-09/04608</marc:subfield><marc:subfield code="e">u</marc:subfield><marc:subfield code="x">3406</marc:subfield></marc:datafield><marc:datafield tag="954" ind1=" " ind2=" "><marc:subfield code="a">160</marc:subfield><marc:subfield code="b">89073481X</marc:subfield><marc:subfield code="c">01</marc:subfield><marc:subfield code="d">TXU / Wal</marc:subfield><marc:subfield code="e">c</marc:subfield><marc:subfield code="x">0755</marc:subfield></marc:datafield><marc:datafield tag="954" ind1=" " ind2=" "><marc:subfield code="a">160</marc:subfield><marc:subfield code="b">891411658</marc:subfield><marc:subfield code="c">02</marc:subfield><marc:subfield code="d">TXU / Wal</marc:subfield><marc:subfield code="e">u</marc:subfield><marc:subfield code="x">0755</marc:subfield></marc:datafield><marc:datafield tag="954" ind1=" " ind2=" "><marc:subfield code="a">164</marc:subfield><marc:subfield code="b">808308041</marc:subfield><marc:subfield code="c">01</marc:subfield><marc:subfield code="f">WF</marc:subfield><marc:subfield code="d">IT Gp 826/2</marc:subfield><marc:subfield code="e">u</marc:subfield><marc:subfield code="x">0916</marc:subfield></marc:datafield><marc:datafield tag="954" ind1=" " ind2=" "><marc:subfield code="a">207</marc:subfield><marc:subfield code="b">684842564</marc:subfield><marc:subfield code="c">01</marc:subfield><marc:subfield code="d">EDV 3210-PER /91(2):1</marc:subfield><marc:subfield code="e">f</marc:subfield><marc:subfield code="x">3207</marc:subfield></marc:datafield><marc:datafield tag="954" ind1=" " ind2=" "><marc:subfield code="a">207</marc:subfield><marc:subfield code="b">684842564</marc:subfield><marc:subfield code="c">02</marc:subfield><marc:subfield code="d">EDV 3210-PER /91(2):1</marc:subfield><marc:subfield code="e">f</marc:subfield><marc:subfield code="x">3207</marc:subfield></marc:datafield><marc:datafield tag="954" ind1=" " ind2=" "><marc:subfield code="a">207</marc:subfield><marc:subfield code="b">684842572</marc:subfield><marc:subfield code="c">03</marc:subfield><marc:subfield code="d">EDV 3210-PER /91(2):2</marc:subfield><marc:subfield code="e">u</marc:subfield><marc:subfield code="x">3207</marc:subfield></marc:datafield></marc:record>