
<marc:record><marc:leader>04102nam a2200853 c 4500</marc:leader>
<marc:controlfield tag="001">349822069</marc:controlfield>
<marc:controlfield tag="003">DE-601</marc:controlfield><marc:controlfield tag="005">20140310222043.0</marc:controlfield><marc:controlfield tag="008">020627s2003    xxk           000 0 eng d</marc:controlfield><marc:datafield tag="016" ind1="7" ind2=" "><marc:subfield code="a">052-18017</marc:subfield><marc:subfield code="2">UK</marc:subfield></marc:datafield><marc:datafield tag="016" ind1="7" ind2=" "><marc:subfield code="a">bA2-W6170</marc:subfield><marc:subfield code="2">UK</marc:subfield></marc:datafield><marc:datafield tag="020" ind1=" " ind2=" "><marc:subfield code="a">052180177X</marc:subfield><marc:subfield code="c">GBP 35.00</marc:subfield><marc:subfield code="9">0-521-80177-X</marc:subfield></marc:datafield><marc:datafield tag="024" ind1="8" ind2=" "><marc:subfield code="a">ipk 001301374</marc:subfield></marc:datafield><marc:datafield tag="035" ind1=" " ind2=" "><marc:subfield code="a">(OCoLC)248279310</marc:subfield></marc:datafield><marc:datafield tag="035" ind1=" " ind2=" "><marc:subfield code="a">(OBV)AC05041559</marc:subfield></marc:datafield><marc:datafield tag="035" ind1=" " ind2=" "><marc:subfield code="a">(DE-604)BV017193734</marc:subfield></marc:datafield><marc:datafield tag="035" ind1=" " ind2=" "><marc:subfield code="a">(ZBM)1057.68572</marc:subfield></marc:datafield><marc:datafield tag="035" ind1=" " ind2=" "><marc:subfield code="a">(DE-599)GBV349822069</marc:subfield></marc:datafield><marc:datafield tag="040" ind1=" " ind2=" "><marc:subfield code="a">GBVCP</marc:subfield><marc:subfield code="b">ger</marc:subfield><marc:subfield code="c">GBVCP</marc:subfield><marc:subfield code="e">rakwb</marc:subfield></marc:datafield><marc:datafield tag="041" ind1="0" ind2=" "><marc:subfield code="a">eng</marc:subfield></marc:datafield><marc:datafield tag="044" ind1=" " ind2=" "><marc:subfield code="a">xxk</marc:subfield><marc:subfield code="a">xxu</marc:subfield><marc:subfield code="a">at</marc:subfield></marc:datafield><marc:datafield tag="050" ind1=" " ind2="0"><marc:subfield code="a">QA76.73.P22</marc:subfield></marc:datafield><marc:datafield tag="082" ind1="0" ind2="0"><marc:subfield code="a">572.80285</marc:subfield></marc:datafield><marc:datafield tag="084" ind1=" " ind2=" "><marc:subfield code="a">54.80</marc:subfield><marc:subfield code="9">Angewandte Informatik</marc:subfield><marc:subfield code="2">bcl</marc:subfield></marc:datafield><marc:datafield tag="084" ind1=" " ind2=" "><marc:subfield code="a">WC 7700</marc:subfield><marc:subfield code="2">rvk</marc:subfield></marc:datafield><marc:datafield tag="084" ind1=" " ind2=" "><marc:subfield code="a">mat</marc:subfield><marc:subfield code="q">DE-601</marc:subfield><marc:subfield code="2">z</marc:subfield></marc:datafield><marc:datafield tag="100" ind1="1" ind2=" "><marc:subfield code="a">Dwyer, Rex A.</marc:subfield></marc:datafield><marc:datafield tag="245" ind1="1" ind2="0"><marc:subfield code="a">Genomic Perl</marc:subfield><marc:subfield code="b">from bioinformatics basics to working code</marc:subfield><marc:subfield code="c">Rex A. Dwyer</marc:subfield></marc:datafield><marc:datafield tag="260" ind1="3" ind2=" "><marc:subfield code="a">Cambridge [u.a.]</marc:subfield><marc:subfield code="b">Cambridge Univ. Press</marc:subfield><marc:subfield code="c">2003</marc:subfield></marc:datafield><marc:datafield tag="300" ind1=" " ind2=" "><marc:subfield code="a">XVII, 334 S</marc:subfield><marc:subfield code="b">graph. Darst</marc:subfield><marc:subfield code="c">26cm</marc:subfield><marc:subfield code="e">1 CD-Rom</marc:subfield></marc:datafield><marc:datafield tag="650" ind1=" " ind2="7"><marc:subfield code="0">(DE-601)106354140</marc:subfield><marc:subfield code="0">(DE-588)4011152-0</marc:subfield><marc:subfield code="a">Datenverarbeitung</marc:subfield><marc:subfield code="2">gnd</marc:subfield></marc:datafield><marc:datafield tag="650" ind1=" " ind2="7"><marc:subfield code="0">(DE-601)10421225X</marc:subfield><marc:subfield code="0">(DE-588)4156640-3</marc:subfield><marc:subfield code="a">Genom</marc:subfield><marc:subfield code="2">gnd</marc:subfield></marc:datafield><marc:datafield tag="650" ind1=" " ind2="7"><marc:subfield code="0">(DE-601)106354140</marc:subfield><marc:subfield code="0">(DE-588)4011152-0</marc:subfield><marc:subfield code="a">Datenverarbeitung</marc:subfield><marc:subfield code="2">gnd</marc:subfield></marc:datafield><marc:datafield tag="650" ind1=" " ind2="7"><marc:subfield code="0">(DE-601)106225812</marc:subfield><marc:subfield code="0">(DE-588)4039983-7</marc:subfield><marc:subfield code="a">Molekularbiologie</marc:subfield><marc:subfield code="2">gnd</marc:subfield></marc:datafield><marc:datafield tag="650" ind1=" " ind2="7"><marc:subfield code="0">(DE-601)123519713</marc:subfield><marc:subfield code="0">(DE-588)4307836-9</marc:subfield><marc:subfield code="a">Perl</marc:subfield><marc:subfield code="9">g:Programmiersprache</marc:subfield><marc:subfield code="2">gnd</marc:subfield></marc:datafield><marc:datafield tag="650" ind1=" " ind2="7"><marc:subfield code="0">(DE-601)326351531</marc:subfield><marc:subfield code="0">(DE-588)4611085-9</marc:subfield><marc:subfield code="a">Bioinformatik</marc:subfield><marc:subfield code="2">gnd</marc:subfield></marc:datafield><marc:datafield tag="650" ind1=" " ind2="7"><marc:subfield code="0">(DE-601)265074371</marc:subfield><marc:subfield code="0">(DE-588)4531334-9</marc:subfield><marc:subfield code="a">Molekulare Bioinformatik</marc:subfield><marc:subfield code="2">gbv</marc:subfield></marc:datafield><marc:datafield tag="653" ind1=" " ind2="0"><marc:subfield code="a">Perl (Computer program language)</marc:subfield></marc:datafield><marc:datafield tag="653" ind1=" " ind2="0"><marc:subfield code="a">Molecular biology</marc:subfield><marc:subfield code="a">Data processing</marc:subfield></marc:datafield><marc:datafield tag="653" ind1=" " ind2="0"><marc:subfield code="a">Bioinformatics</marc:subfield></marc:datafield><marc:datafield tag="653" ind1=" " ind2="0"><marc:subfield code="a">Genomes</marc:subfield><marc:subfield code="a">Data processing</marc:subfield></marc:datafield><marc:datafield tag="653" ind1=" " ind2="0"><marc:subfield code="a">Molecular biology</marc:subfield><marc:subfield code="a">Data processing</marc:subfield></marc:datafield><marc:datafield tag="653" ind1=" " ind2="0"><marc:subfield code="a">Bioinformatics</marc:subfield></marc:datafield><marc:datafield tag="653" ind1=" " ind2="0"><marc:subfield code="a">Perl (Computer program language)</marc:subfield></marc:datafield><marc:datafield tag="689" ind1="0" ind2="0"><marc:subfield code="0">(DE-601)106354140</marc:subfield><marc:subfield code="0">(DE-588)4011152-0</marc:subfield><marc:subfield code="a">Datenverarbeitung</marc:subfield></marc:datafield><marc:datafield tag="689" ind1="0" ind2="1"><marc:subfield code="0">(DE-601)10421225X</marc:subfield><marc:subfield code="0">(DE-588)4156640-3</marc:subfield><marc:subfield code="a">Genom</marc:subfield></marc:datafield><marc:datafield tag="689" ind1="0" ind2=" "><marc:subfield code="5">DE-101</marc:subfield></marc:datafield><marc:datafield tag="689" ind1="1" ind2="0"><marc:subfield code="0">(DE-601)106354140</marc:subfield><marc:subfield code="0">(DE-588)4011152-0</marc:subfield><marc:subfield code="a">Datenverarbeitung</marc:subfield></marc:datafield><marc:datafield tag="689" ind1="1" ind2="1"><marc:subfield code="0">(DE-601)106225812</marc:subfield><marc:subfield code="0">(DE-588)4039983-7</marc:subfield><marc:subfield code="a">Molekularbiologie</marc:subfield></marc:datafield><marc:datafield tag="689" ind1="1" ind2=" "><marc:subfield code="5">DE-101</marc:subfield></marc:datafield><marc:datafield tag="689" ind1="2" ind2="0"><marc:subfield code="0">(DE-601)123519713</marc:subfield><marc:subfield code="0">(DE-588)4307836-9</marc:subfield><marc:subfield code="a">Perl</marc:subfield><marc:subfield code="9">g:Programmiersprache</marc:subfield></marc:datafield><marc:datafield tag="689" ind1="2" ind2="1"><marc:subfield code="0">(DE-601)326351531</marc:subfield><marc:subfield code="0">(DE-588)4611085-9</marc:subfield><marc:subfield code="a">Bioinformatik</marc:subfield></marc:datafield><marc:datafield tag="689" ind1="2" ind2=" "><marc:subfield code="5">DE-101</marc:subfield></marc:datafield><marc:datafield tag="856" ind1="4" ind2="2"><marc:subfield code="y">Sample text</marc:subfield><marc:subfield code="u">http://www.loc.gov/catdir/samples/cam034/2003268666.html</marc:subfield><marc:subfield code="3">Sample text</marc:subfield></marc:datafield><marc:datafield tag="856" ind1="4" ind2="2"><marc:subfield code="y">Publisher description</marc:subfield><marc:subfield code="u">http://www.loc.gov/catdir/description/cam032/2003268666.html</marc:subfield><marc:subfield code="3">Publisher description</marc:subfield></marc:datafield><marc:datafield tag="856" ind1="4" ind2="2"><marc:subfield code="y">Table of contents</marc:subfield><marc:subfield code="u">http://www.loc.gov/catdir/toc/cam031/2003268666.html</marc:subfield><marc:subfield code="3">Table of contents</marc:subfield></marc:datafield><marc:datafield tag="856" ind1="4" ind2="2"><marc:subfield code="y">Inhaltsverzeichnis</marc:subfield><marc:subfield code="u">http://www.gbv.de/dms/bowker/toc/9780521801775.pdf</marc:subfield><marc:subfield code="m">V:DE-601;Bowker</marc:subfield><marc:subfield code="3">Inhaltsverzeichnis</marc:subfield></marc:datafield><marc:datafield tag="856" ind1="4" ind2="1"><marc:subfield code="y">Volltext ReferenceTree</marc:subfield><marc:subfield code="u">http://reference-tree.com/book/genomic-perl-from-bioinformatics-basics-to-working-code?utm_source=gbv&amp;utm_medium=referral&amp;utm_campaign=collaboration</marc:subfield><marc:subfield code="m">V:DE-601;RefrenceTree</marc:subfield><marc:subfield code="3">Volltext</marc:subfield></marc:datafield><marc:datafield tag="856" ind1="4" ind2="2"><marc:subfield code="y">Zentralblatt MATH</marc:subfield><marc:subfield code="u">http://zbmath.org/?q=an:1057.68572</marc:subfield><marc:subfield code="m">V:DE-601;ZBM</marc:subfield><marc:subfield code="3">Inhaltstext</marc:subfield></marc:datafield><marc:datafield tag="900" ind1=" " ind2=" "><marc:subfield code="a">GBV</marc:subfield><marc:subfield code="b">SUB+Uni Hamburg &lt;18&gt;</marc:subfield><marc:subfield code="d">!18/228-z! ZBH GI A DWY 31947</marc:subfield><marc:subfield code="x">N</marc:subfield><marc:subfield code="z">N</marc:subfield><marc:subfield code="d">A DWY 31947</marc:subfield><marc:subfield code="f">Buch mit CD-ROM D1168</marc:subfield></marc:datafield><marc:datafield tag="900" ind1=" " ind2=" "><marc:subfield code="a">GBV</marc:subfield><marc:subfield code="b">TUB Hamburg &lt;830&gt;</marc:subfield><marc:subfield code="d">!BL! BLB-816</marc:subfield><marc:subfield code="d">2809-4797</marc:subfield></marc:datafield><marc:datafield tag="900" ind1=" " ind2=" "><marc:subfield code="a">GBV</marc:subfield><marc:subfield code="b">UB Kiel &lt;8&gt;</marc:subfield><marc:subfield code="d">!8/35! S043</marc:subfield><marc:subfield code="x">N</marc:subfield><marc:subfield code="z">N</marc:subfield></marc:datafield><marc:datafield tag="900" ind1=" " ind2=" "><marc:subfield code="a">GBV</marc:subfield><marc:subfield code="b">THULB Jena &lt;27&gt;</marc:subfield><marc:subfield code="d">!J 50! INF:JD:1000:D993::2003</marc:subfield><marc:subfield code="x">L</marc:subfield><marc:subfield code="z">LC</marc:subfield><marc:subfield code="d">!J 50! INF:JD:1000:D993::2003</marc:subfield><marc:subfield code="x">L</marc:subfield><marc:subfield code="z">LC</marc:subfield></marc:datafield><marc:datafield tag="900" ind1=" " ind2=" "><marc:subfield code="a">GBV</marc:subfield><marc:subfield code="b">TIB/UB Hannover &lt;89&gt;</marc:subfield><marc:subfield code="d">T 03 B 2019</marc:subfield><marc:subfield code="x">L</marc:subfield><marc:subfield code="z">LC</marc:subfield></marc:datafield><marc:datafield tag="900" ind1=" " ind2=" "><marc:subfield code="a">GBV</marc:subfield><marc:subfield code="b">IPK Gatersleben &lt;Gat 1&gt;</marc:subfield><marc:subfield code="d">E-1374</marc:subfield><marc:subfield code="x">L</marc:subfield><marc:subfield code="z">LC</marc:subfield></marc:datafield><marc:datafield tag="951" ind1=" " ind2=" "><marc:subfield code="a">INF:JD:1000</marc:subfield><marc:subfield code="2">31</marc:subfield></marc:datafield><marc:datafield tag="951" ind1=" " ind2=" "><marc:subfield code="a">2.1.2.3.</marc:subfield><marc:subfield code="a">2.4.1.8.</marc:subfield><marc:subfield code="a">2.4.1.13.</marc:subfield><marc:subfield code="a">2.4.8.2.</marc:subfield><marc:subfield code="2">211</marc:subfield></marc:datafield><marc:datafield tag="954" ind1=" " ind2=" "><marc:subfield code="a">22</marc:subfield><marc:subfield code="b">572544731</marc:subfield><marc:subfield code="c">01</marc:subfield><marc:subfield code="f">18/228-z</marc:subfield><marc:subfield code="d">ZBH GI A DWY 31947</marc:subfield><marc:subfield code="e">i</marc:subfield><marc:subfield code="d">A DWY 31947</marc:subfield><marc:subfield code="k">Buch mit CD-ROM D1168</marc:subfield><marc:subfield code="x">0018</marc:subfield></marc:datafield><marc:datafield tag="954" ind1=" " ind2=" "><marc:subfield code="a">23</marc:subfield><marc:subfield code="b">601927303</marc:subfield><marc:subfield code="c">01</marc:subfield><marc:subfield code="f">BL</marc:subfield><marc:subfield code="d">BLB-816</marc:subfield><marc:subfield code="d">2809-4797</marc:subfield><marc:subfield code="x">0830</marc:subfield></marc:datafield><marc:datafield tag="954" ind1=" " ind2=" "><marc:subfield code="a">24</marc:subfield><marc:subfield code="b">84577963X</marc:subfield><marc:subfield code="c">01</marc:subfield><marc:subfield code="f">8/35</marc:subfield><marc:subfield code="d">S043</marc:subfield><marc:subfield code="e">i</marc:subfield><marc:subfield code="x">0008</marc:subfield></marc:datafield><marc:datafield tag="954" ind1=" " ind2=" "><marc:subfield code="a">31</marc:subfield><marc:subfield code="b">574617043</marc:subfield><marc:subfield code="c">01</marc:subfield><marc:subfield code="f">J 50</marc:subfield><marc:subfield code="d">INF:JD:1000:D993::2003</marc:subfield><marc:subfield code="e">d</marc:subfield><marc:subfield code="x">0027</marc:subfield></marc:datafield><marc:datafield tag="954" ind1=" " ind2=" "><marc:subfield code="a">31</marc:subfield><marc:subfield code="b">626508614</marc:subfield><marc:subfield code="c">02</marc:subfield><marc:subfield code="f">J 50</marc:subfield><marc:subfield code="d">INF:JD:1000:D993::2003</marc:subfield><marc:subfield code="e">d</marc:subfield><marc:subfield code="x">0027</marc:subfield></marc:datafield><marc:datafield tag="954" ind1=" " ind2=" "><marc:subfield code="a">70</marc:subfield><marc:subfield code="b">593075366</marc:subfield><marc:subfield code="c">01</marc:subfield><marc:subfield code="d">T 03 B 2019</marc:subfield><marc:subfield code="e">u</marc:subfield><marc:subfield code="x">0089</marc:subfield></marc:datafield><marc:datafield tag="954" ind1=" " ind2=" "><marc:subfield code="a">211</marc:subfield><marc:subfield code="b">625724372</marc:subfield><marc:subfield code="c">01</marc:subfield><marc:subfield code="d">E-1374</marc:subfield><marc:subfield code="e">u</marc:subfield><marc:subfield code="x">3307</marc:subfield></marc:datafield></marc:record>