
<marc:record><marc:leader>02871nam a2200577 c 4500</marc:leader>
<marc:controlfield tag="001">350859671</marc:controlfield>
<marc:controlfield tag="003">DE-601</marc:controlfield><marc:controlfield tag="005">20150315031204.0</marc:controlfield><marc:controlfield tag="008">020719s2002                  000 0 ger d</marc:controlfield><marc:datafield tag="020" ind1=" " ind2=" "><marc:subfield code="a">3897211440 (kart.)</marc:subfield><marc:subfield code="c">DM 99.00</marc:subfield><marc:subfield code="9">3-89721-144-0</marc:subfield></marc:datafield><marc:datafield tag="024" ind1="8" ind2=" "><marc:subfield code="a">ubc020856</marc:subfield></marc:datafield><marc:datafield tag="024" ind1="8" ind2=" "><marc:subfield code="a">leb010014630</marc:subfield></marc:datafield><marc:datafield tag="035" ind1=" " ind2=" "><marc:subfield code="a">(OCoLC)248671888</marc:subfield></marc:datafield><marc:datafield tag="035" ind1=" " ind2=" "><marc:subfield code="a">(ZBM)0974.68026</marc:subfield></marc:datafield><marc:datafield tag="035" ind1=" " ind2=" "><marc:subfield code="a">(DE-599)GBV350859671</marc:subfield></marc:datafield><marc:datafield tag="040" ind1=" " ind2=" "><marc:subfield code="a">GBVCP</marc:subfield><marc:subfield code="b">ger</marc:subfield><marc:subfield code="c">GBVCP</marc:subfield><marc:subfield code="e">rakwb</marc:subfield></marc:datafield><marc:datafield tag="041" ind1="1" ind2=" "><marc:subfield code="a">ger</marc:subfield><marc:subfield code="h">eng</marc:subfield></marc:datafield><marc:datafield tag="044" ind1=" " ind2=" "><marc:subfield code="a">cc</marc:subfield><marc:subfield code="a">xxk</marc:subfield><marc:subfield code="a">gw</marc:subfield></marc:datafield><marc:datafield tag="084" ind1=" " ind2=" "><marc:subfield code="a">28</marc:subfield><marc:subfield code="2">sdnb</marc:subfield></marc:datafield><marc:datafield tag="084" ind1=" " ind2=" "><marc:subfield code="a">54.53</marc:subfield><marc:subfield code="9">Programmiersprachen</marc:subfield><marc:subfield code="2">bcl</marc:subfield></marc:datafield><marc:datafield tag="084" ind1=" " ind2=" "><marc:subfield code="a">mat</marc:subfield><marc:subfield code="q">DE-601</marc:subfield><marc:subfield code="2">z</marc:subfield></marc:datafield><marc:datafield tag="100" ind1="1" ind2=" "><marc:subfield code="a">Wall, Larry</marc:subfield></marc:datafield><marc:datafield tag="240" ind1="1" ind2="0"><marc:subfield code="a">Programming Perl &lt;dt.&gt;</marc:subfield></marc:datafield><marc:datafield tag="245" ind1="1" ind2="0"><marc:subfield code="a">Programmieren mit Perl</marc:subfield><marc:subfield code="c">Larry Wall; Tom Christiansen &amp; Jon Orwant. Dt. Übers. von Peter Klicman</marc:subfield></marc:datafield><marc:datafield tag="250" ind1=" " ind2=" "><marc:subfield code="a">Dt. Ausg. der 3. Aufl., 2. Aufl., 1., korrigierter Nachdr</marc:subfield></marc:datafield><marc:datafield tag="260" ind1="3" ind2=" "><marc:subfield code="a">Beijing [u. a.]</marc:subfield><marc:subfield code="b">O'Reilly</marc:subfield><marc:subfield code="c">2002</marc:subfield></marc:datafield><marc:datafield tag="300" ind1=" " ind2=" "><marc:subfield code="a">XXXII, 1095 S</marc:subfield><marc:subfield code="b">graph. Darst</marc:subfield><marc:subfield code="c">23 cm</marc:subfield></marc:datafield><marc:datafield tag="650" ind1=" " ind2="7"><marc:subfield code="0">(DE-601)332676242</marc:subfield><marc:subfield code="0">(DE-588)4646656-3</marc:subfield><marc:subfield code="a">Perl 5.6</marc:subfield><marc:subfield code="2">gnd</marc:subfield></marc:datafield><marc:datafield tag="689" ind1="0" ind2="0"><marc:subfield code="0">(DE-601)332676242</marc:subfield><marc:subfield code="0">(DE-588)4646656-3</marc:subfield><marc:subfield code="a">Perl 5.6</marc:subfield></marc:datafield><marc:datafield tag="700" ind1="1" ind2=" "><marc:subfield code="a">Christiansen, Tom</marc:subfield><marc:subfield code="e">Author</marc:subfield><marc:subfield code="4">aut</marc:subfield></marc:datafield><marc:datafield tag="700" ind1="1" ind2=" "><marc:subfield code="a">Orwant, Jon</marc:subfield><marc:subfield code="e">Author</marc:subfield><marc:subfield code="4">aut</marc:subfield></marc:datafield><marc:datafield tag="856" ind1="4" ind2="2"><marc:subfield code="y">Zentralblatt MATH</marc:subfield><marc:subfield code="u">http://zbmath.org/?q=an:0974.68026</marc:subfield><marc:subfield code="m">V:DE-601;ZBM</marc:subfield><marc:subfield code="3">Inhaltstext</marc:subfield></marc:datafield><marc:datafield tag="856" ind1="4" ind2="2"><marc:subfield code="y">Zentralblatt MATH</marc:subfield><marc:subfield code="u">http://zbmath.org/?q=an:0974.68026</marc:subfield><marc:subfield code="m">V:DE-601;ZBM</marc:subfield><marc:subfield code="3">Inhaltstext</marc:subfield></marc:datafield><marc:datafield tag="856" ind1="4" ind2="2"><marc:subfield code="u">http://external.dandelon.com/download/attachments/dandelon/ids/DE004FA596FD0F893640EC1257B390057B545.pdf</marc:subfield><marc:subfield code="m">V:DE-601;AGI</marc:subfield><marc:subfield code="3">Inhaltsverzeichnis</marc:subfield></marc:datafield><marc:datafield tag="900" ind1=" " ind2=" "><marc:subfield code="a">GBV</marc:subfield><marc:subfield code="b">UB Clausthal &lt;104&gt;</marc:subfield><marc:subfield code="d">!104/06!  CL 06 : IfM6 Handbibliothek Prof. Kolonko</marc:subfield><marc:subfield code="x">N</marc:subfield><marc:subfield code="z">N</marc:subfield><marc:subfield code="f">Institutsbestand, deshalb nähere Informationen im Inst. f. Mathematik (IfM6)</marc:subfield></marc:datafield><marc:datafield tag="900" ind1=" " ind2=" "><marc:subfield code="a">GBV</marc:subfield><marc:subfield code="b">THULB Jena &lt;27&gt;</marc:subfield><marc:subfield code="d">!J 50! INF:DD:2000:Perl:W187 (2):2002</marc:subfield><marc:subfield code="x">L</marc:subfield><marc:subfield code="z">LC</marc:subfield></marc:datafield><marc:datafield tag="900" ind1=" " ind2=" "><marc:subfield code="a">GBV</marc:subfield><marc:subfield code="b">UB Rostock &lt;28&gt;</marc:subfield><marc:subfield code="d">!Wa1! Az-397</marc:subfield><marc:subfield code="x">L</marc:subfield><marc:subfield code="z">LC</marc:subfield><marc:subfield code="s">0028/1</marc:subfield></marc:datafield><marc:datafield tag="900" ind1=" " ind2=" "><marc:subfield code="a">GBV</marc:subfield><marc:subfield code="b">TIB/UB Hannover &lt;89&gt;</marc:subfield><marc:subfield code="d">!L inf 470 Per! T 02 B 4606</marc:subfield><marc:subfield code="x">L</marc:subfield><marc:subfield code="z">LC</marc:subfield><marc:subfield code="d">!D edv! T 02 B 4606 a</marc:subfield><marc:subfield code="x">N</marc:subfield><marc:subfield code="z">N</marc:subfield></marc:datafield><marc:datafield tag="900" ind1=" " ind2=" "><marc:subfield code="a">GBV</marc:subfield><marc:subfield code="b">UB Osnabrück &lt;700&gt;</marc:subfield><marc:subfield code="d">!X! TXK P / Wal</marc:subfield><marc:subfield code="x">N</marc:subfield><marc:subfield code="z">N</marc:subfield></marc:datafield><marc:datafield tag="900" ind1=" " ind2=" "><marc:subfield code="a">GBV</marc:subfield><marc:subfield code="b">LEB Flensburg &lt;455&gt;</marc:subfield><marc:subfield code="d">EDV 956 PER</marc:subfield><marc:subfield code="x">L</marc:subfield><marc:subfield code="z">LC</marc:subfield></marc:datafield><marc:datafield tag="900" ind1=" " ind2=" "><marc:subfield code="a">GBV</marc:subfield><marc:subfield code="b">UB Potsdam &lt;517&gt;</marc:subfield><marc:subfield code="d">!2000! ST 250 PER WAL</marc:subfield><marc:subfield code="x">L</marc:subfield><marc:subfield code="z">LC</marc:subfield><marc:subfield code="f">1., korr. Nachdr. Januar 2002</marc:subfield></marc:datafield><marc:datafield tag="951" ind1=" " ind2=" "><marc:subfield code="a">INF:DD:2000</marc:subfield><marc:subfield code="2">31</marc:subfield></marc:datafield><marc:datafield tag="951" ind1=" " ind2=" "><marc:subfield code="a">ST 250 PER</marc:subfield><marc:subfield code="2">285</marc:subfield></marc:datafield><marc:datafield tag="954" ind1=" " ind2=" "><marc:subfield code="a">30</marc:subfield><marc:subfield code="b">943770882</marc:subfield><marc:subfield code="c">01</marc:subfield><marc:subfield code="f">104/06</marc:subfield><marc:subfield code="d"> CL 06 : IfM6 Handbibliothek Prof. Kolonko</marc:subfield><marc:subfield code="e">g</marc:subfield><marc:subfield code="k">Institutsbestand, deshalb nähere Informationen im Inst. f. Mathematik (IfM6)</marc:subfield><marc:subfield code="x">0104</marc:subfield></marc:datafield><marc:datafield tag="954" ind1=" " ind2=" "><marc:subfield code="a">31</marc:subfield><marc:subfield code="b">617860580</marc:subfield><marc:subfield code="c">01</marc:subfield><marc:subfield code="f">J 50</marc:subfield><marc:subfield code="d">INF:DD:2000:Perl:W187 (2):2002</marc:subfield><marc:subfield code="e">d</marc:subfield><marc:subfield code="x">0027</marc:subfield></marc:datafield><marc:datafield tag="954" ind1=" " ind2=" "><marc:subfield code="a">62</marc:subfield><marc:subfield code="b">533784298</marc:subfield><marc:subfield code="c">02</marc:subfield><marc:subfield code="f">Wa1</marc:subfield><marc:subfield code="d">Az-397</marc:subfield><marc:subfield code="e">u</marc:subfield><marc:subfield code="x">0028/1</marc:subfield></marc:datafield><marc:datafield tag="954" ind1=" " ind2=" "><marc:subfield code="a">70</marc:subfield><marc:subfield code="b">574544321</marc:subfield><marc:subfield code="c">01</marc:subfield><marc:subfield code="f">L inf 470 Per</marc:subfield><marc:subfield code="d">T 02 B 4606</marc:subfield><marc:subfield code="e">u</marc:subfield><marc:subfield code="x">0089</marc:subfield></marc:datafield><marc:datafield tag="954" ind1=" " ind2=" "><marc:subfield code="a">70</marc:subfield><marc:subfield code="b">57862303X</marc:subfield><marc:subfield code="c">02</marc:subfield><marc:subfield code="f">D edv</marc:subfield><marc:subfield code="d">T 02 B 4606 a</marc:subfield><marc:subfield code="e">g</marc:subfield><marc:subfield code="x">0089</marc:subfield></marc:datafield><marc:datafield tag="954" ind1=" " ind2=" "><marc:subfield code="a">130</marc:subfield><marc:subfield code="b">595389090</marc:subfield><marc:subfield code="c">01</marc:subfield><marc:subfield code="f">X</marc:subfield><marc:subfield code="d">TXK P / Wal</marc:subfield><marc:subfield code="e">g</marc:subfield><marc:subfield code="x">0700</marc:subfield></marc:datafield><marc:datafield tag="954" ind1=" " ind2=" "><marc:subfield code="a">276</marc:subfield><marc:subfield code="b">1470832518</marc:subfield><marc:subfield code="c">01</marc:subfield><marc:subfield code="d">EDV 956 PER</marc:subfield><marc:subfield code="e">u</marc:subfield><marc:subfield code="x">0455</marc:subfield></marc:datafield><marc:datafield tag="954" ind1=" " ind2=" "><marc:subfield code="a">285</marc:subfield><marc:subfield code="b">600307654</marc:subfield><marc:subfield code="c">02</marc:subfield><marc:subfield code="f">2000</marc:subfield><marc:subfield code="d">ST 250 PER WAL</marc:subfield><marc:subfield code="e">u</marc:subfield><marc:subfield code="k">1., korr. Nachdr. Januar 2002</marc:subfield><marc:subfield code="x">0517</marc:subfield></marc:datafield></marc:record>