
<marc:record><marc:leader>02755nam a2200649 c 4500</marc:leader>
<marc:controlfield tag="001">346090229</marc:controlfield>
<marc:controlfield tag="003">DE-601</marc:controlfield><marc:controlfield tag="005">20130224015912.0</marc:controlfield><marc:controlfield tag="008">020424s2002    gw            000 0 ger d</marc:controlfield><marc:datafield tag="015" ind1=" " ind2=" "><marc:subfield code="a">02N190344</marc:subfield><marc:subfield code="2">dnb</marc:subfield></marc:datafield><marc:datafield tag="015" ind1=" " ind2=" "><marc:subfield code="a">02A250730</marc:subfield><marc:subfield code="2">dnb</marc:subfield></marc:datafield><marc:datafield tag="016" ind1="7" ind2=" "><marc:subfield code="a">964211424</marc:subfield><marc:subfield code="2">DE-101</marc:subfield></marc:datafield><marc:datafield tag="020" ind1=" " ind2=" "><marc:subfield code="a">3772369952 (kart.)</marc:subfield><marc:subfield code="c">EUR 14.95</marc:subfield><marc:subfield code="9">3-7723-6995-2</marc:subfield></marc:datafield><marc:datafield tag="024" ind1="8" ind2=" "><marc:subfield code="a">OEBST346768</marc:subfield></marc:datafield><marc:datafield tag="035" ind1=" " ind2=" "><marc:subfield code="a">(OCoLC)76304602</marc:subfield></marc:datafield><marc:datafield tag="040" ind1=" " ind2=" "><marc:subfield code="a">GBVCP</marc:subfield><marc:subfield code="b">ger</marc:subfield><marc:subfield code="c">GBVCP</marc:subfield><marc:subfield code="e">rakwb</marc:subfield></marc:datafield><marc:datafield tag="041" ind1="0" ind2=" "><marc:subfield code="a">ger</marc:subfield></marc:datafield><marc:datafield tag="084" ind1=" " ind2=" "><marc:subfield code="a">Zd</marc:subfield><marc:subfield code="2">asb</marc:subfield></marc:datafield><marc:datafield tag="084" ind1=" " ind2=" "><marc:subfield code="a">28</marc:subfield><marc:subfield code="2">sdnb</marc:subfield></marc:datafield><marc:datafield tag="084" ind1=" " ind2=" "><marc:subfield code="a">54.53</marc:subfield><marc:subfield code="9">Programmiersprachen</marc:subfield><marc:subfield code="2">bcl</marc:subfield></marc:datafield><marc:datafield tag="084" ind1=" " ind2=" "><marc:subfield code="a">ST 240</marc:subfield><marc:subfield code="2">rvk</marc:subfield></marc:datafield><marc:datafield tag="100" ind1="1" ind2=" "><marc:subfield code="a">Willms, Roland</marc:subfield></marc:datafield><marc:datafield tag="245" ind1="1" ind2="0"><marc:subfield code="a">Programmieren in FORTRAN, Perl, Java und C# - echt einfach</marc:subfield><marc:subfield code="b">das kinderleichte Computerbuch ; [inklusive CD]</marc:subfield><marc:subfield code="c">Roland Willms</marc:subfield></marc:datafield><marc:datafield tag="260" ind1="3" ind2=" "><marc:subfield code="a">Poing</marc:subfield><marc:subfield code="b">Franzis</marc:subfield><marc:subfield code="c">2002</marc:subfield></marc:datafield><marc:datafield tag="300" ind1=" " ind2=" "><marc:subfield code="a">255 S</marc:subfield><marc:subfield code="b">Ill., graph. Darst</marc:subfield><marc:subfield code="c">24 cm</marc:subfield><marc:subfield code="e">1 CD-ROM</marc:subfield></marc:datafield><marc:datafield tag="490" ind1="0" ind2=" "><marc:subfield code="a">echt einfach</marc:subfield></marc:datafield><marc:datafield tag="650" ind1=" " ind2="7"><marc:subfield code="0">(DE-601)106328077</marc:subfield><marc:subfield code="0">(DE-588)4017984-9</marc:subfield><marc:subfield code="a">FORTRAN</marc:subfield><marc:subfield code="2">gnd</marc:subfield></marc:datafield><marc:datafield tag="650" ind1=" " ind2="7"><marc:subfield code="0">(DE-601)123519713</marc:subfield><marc:subfield code="0">(DE-588)4307836-9</marc:subfield><marc:subfield code="a">Perl</marc:subfield><marc:subfield code="9">g:Programmiersprache</marc:subfield><marc:subfield code="2">gnd</marc:subfield></marc:datafield><marc:datafield tag="650" ind1=" " ind2="7"><marc:subfield code="0">(DE-601)19331360X</marc:subfield><marc:subfield code="0">(DE-588)4401313-9</marc:subfield><marc:subfield code="a">Java</marc:subfield><marc:subfield code="9">g:Programmiersprache</marc:subfield><marc:subfield code="2">gnd</marc:subfield></marc:datafield><marc:datafield tag="650" ind1=" " ind2="7"><marc:subfield code="0">(DE-601)32640516X</marc:subfield><marc:subfield code="0">(DE-588)4616843-6</marc:subfield><marc:subfield code="a">C sharp</marc:subfield><marc:subfield code="2">gnd</marc:subfield></marc:datafield><marc:datafield tag="650" ind1=" " ind2="7"><marc:subfield code="0">(DE-601)106328077</marc:subfield><marc:subfield code="0">(DE-588)4017984-9</marc:subfield><marc:subfield code="a">FORTRAN</marc:subfield><marc:subfield code="2">gbv</marc:subfield></marc:datafield><marc:datafield tag="650" ind1=" " ind2="7"><marc:subfield code="0">(DE-601)123519713</marc:subfield><marc:subfield code="0">(DE-588)4307836-9</marc:subfield><marc:subfield code="a">Perl</marc:subfield><marc:subfield code="9">g:Programmiersprache</marc:subfield><marc:subfield code="2">gbv</marc:subfield></marc:datafield><marc:datafield tag="650" ind1=" " ind2="7"><marc:subfield code="0">(DE-601)19331360X</marc:subfield><marc:subfield code="0">(DE-588)4401313-9</marc:subfield><marc:subfield code="a">Java</marc:subfield><marc:subfield code="9">g:Programmiersprache</marc:subfield><marc:subfield code="2">gbv</marc:subfield></marc:datafield><marc:datafield tag="650" ind1=" " ind2="7"><marc:subfield code="0">(DE-601)105223638</marc:subfield><marc:subfield code="0">(DE-588)4193909-8</marc:subfield><marc:subfield code="a">C++</marc:subfield><marc:subfield code="2">gbv</marc:subfield></marc:datafield><marc:datafield tag="653" ind1=" " ind2="7"><marc:subfield code="a">30m</marc:subfield><marc:subfield code="2">gnd</marc:subfield></marc:datafield><marc:datafield tag="653" ind1=" " ind2="7"><marc:subfield code="a">30m</marc:subfield><marc:subfield code="2">gnd</marc:subfield></marc:datafield><marc:datafield tag="653" ind1=" " ind2="7"><marc:subfield code="a">30m</marc:subfield><marc:subfield code="2">gnd</marc:subfield></marc:datafield><marc:datafield tag="653" ind1=" " ind2="7"><marc:subfield code="a">30m</marc:subfield><marc:subfield code="2">gnd</marc:subfield></marc:datafield><marc:datafield tag="689" ind1="0" ind2="0"><marc:subfield code="0">(DE-601)106328077</marc:subfield><marc:subfield code="0">(DE-588)4017984-9</marc:subfield><marc:subfield code="a">FORTRAN</marc:subfield></marc:datafield><marc:datafield tag="689" ind1="1" ind2="0"><marc:subfield code="0">(DE-601)123519713</marc:subfield><marc:subfield code="0">(DE-588)4307836-9</marc:subfield><marc:subfield code="a">Perl</marc:subfield><marc:subfield code="9">g:Programmiersprache</marc:subfield></marc:datafield><marc:datafield tag="689" ind1="2" ind2="0"><marc:subfield code="0">(DE-601)19331360X</marc:subfield><marc:subfield code="0">(DE-588)4401313-9</marc:subfield><marc:subfield code="a">Java</marc:subfield><marc:subfield code="9">g:Programmiersprache</marc:subfield></marc:datafield><marc:datafield tag="689" ind1="3" ind2="0"><marc:subfield code="0">(DE-601)32640516X</marc:subfield><marc:subfield code="0">(DE-588)4616843-6</marc:subfield><marc:subfield code="a">C sharp</marc:subfield></marc:datafield><marc:datafield tag="900" ind1=" " ind2=" "><marc:subfield code="a">GBV</marc:subfield><marc:subfield code="b">TUB Hamburg &lt;830&gt;</marc:subfield><marc:subfield code="d">!28! 2805-0650</marc:subfield></marc:datafield><marc:datafield tag="900" ind1=" " ind2=" "><marc:subfield code="a">GBV</marc:subfield><marc:subfield code="b">HSU Hamburg &lt;705&gt;</marc:subfield><marc:subfield code="d">!MB! INF 310:YC0008</marc:subfield><marc:subfield code="x">L</marc:subfield><marc:subfield code="z">LC</marc:subfield></marc:datafield><marc:datafield tag="900" ind1=" " ind2=" "><marc:subfield code="a">GBV</marc:subfield><marc:subfield code="b">TIB/UB Hannover &lt;89&gt;</marc:subfield><marc:subfield code="d">T 02 B 3445</marc:subfield><marc:subfield code="x">L</marc:subfield><marc:subfield code="z">LC</marc:subfield></marc:datafield><marc:datafield tag="900" ind1=" " ind2=" "><marc:subfield code="a">GBV</marc:subfield><marc:subfield code="b">HSB HSAnhalt &lt;Kt 1&gt;</marc:subfield><marc:subfield code="d">!BBG-LS! 2003 0389</marc:subfield><marc:subfield code="x">N</marc:subfield><marc:subfield code="z">N</marc:subfield><marc:subfield code="f">Buch</marc:subfield><marc:subfield code="d">!BBG-LS! 2003 0389</marc:subfield><marc:subfield code="x">N</marc:subfield><marc:subfield code="z">N</marc:subfield><marc:subfield code="f">CD-ROM</marc:subfield></marc:datafield><marc:datafield tag="900" ind1=" " ind2=" "><marc:subfield code="a">GBV</marc:subfield><marc:subfield code="b">FH Heide &lt;1041&gt;</marc:subfield><marc:subfield code="d">EDV 3200 /9:1</marc:subfield><marc:subfield code="x">L</marc:subfield><marc:subfield code="z">LC</marc:subfield><marc:subfield code="d">EDV 3200 /9:1 CD</marc:subfield><marc:subfield code="x">L</marc:subfield><marc:subfield code="z">LC</marc:subfield><marc:subfield code="f">CD-ROM</marc:subfield></marc:datafield><marc:datafield tag="950" ind1=" " ind2=" "><marc:subfield code="a">Programmieren</marc:subfield><marc:subfield code="2">118</marc:subfield></marc:datafield><marc:datafield tag="951" ind1=" " ind2=" "><marc:subfield code="a">INF 310</marc:subfield><marc:subfield code="2">60</marc:subfield></marc:datafield><marc:datafield tag="951" ind1=" " ind2=" "><marc:subfield code="a">CSP</marc:subfield><marc:subfield code="2">118</marc:subfield></marc:datafield><marc:datafield tag="954" ind1=" " ind2=" "><marc:subfield code="a">23</marc:subfield><marc:subfield code="b">561706298</marc:subfield><marc:subfield code="c">01</marc:subfield><marc:subfield code="f">28</marc:subfield><marc:subfield code="d">2805-0650</marc:subfield><marc:subfield code="x">0830</marc:subfield></marc:datafield><marc:datafield tag="954" ind1=" " ind2=" "><marc:subfield code="a">60</marc:subfield><marc:subfield code="b">584636490</marc:subfield><marc:subfield code="c">01</marc:subfield><marc:subfield code="f">MB</marc:subfield><marc:subfield code="d">INF 310:YC0008</marc:subfield><marc:subfield code="e">u</marc:subfield><marc:subfield code="x">0705</marc:subfield></marc:datafield><marc:datafield tag="954" ind1=" " ind2=" "><marc:subfield code="a">70</marc:subfield><marc:subfield code="b">560523394</marc:subfield><marc:subfield code="c">01</marc:subfield><marc:subfield code="d">T 02 B 3445</marc:subfield><marc:subfield code="e">b</marc:subfield><marc:subfield code="x">0089</marc:subfield></marc:datafield><marc:datafield tag="954" ind1=" " ind2=" "><marc:subfield code="a">118</marc:subfield><marc:subfield code="b">606494383</marc:subfield><marc:subfield code="c">01</marc:subfield><marc:subfield code="f">BBG-LS</marc:subfield><marc:subfield code="d">2003 0389</marc:subfield><marc:subfield code="e">i</marc:subfield><marc:subfield code="k">Buch</marc:subfield><marc:subfield code="x">3329</marc:subfield></marc:datafield><marc:datafield tag="954" ind1=" " ind2=" "><marc:subfield code="a">118</marc:subfield><marc:subfield code="b">606494391</marc:subfield><marc:subfield code="c">02</marc:subfield><marc:subfield code="f">BBG-LS</marc:subfield><marc:subfield code="d">2003 0389</marc:subfield><marc:subfield code="e">i</marc:subfield><marc:subfield code="k">CD-ROM</marc:subfield><marc:subfield code="x">3329</marc:subfield></marc:datafield><marc:datafield tag="954" ind1=" " ind2=" "><marc:subfield code="a">207</marc:subfield><marc:subfield code="b">631769099</marc:subfield><marc:subfield code="c">01</marc:subfield><marc:subfield code="d">EDV 3200 /9:1</marc:subfield><marc:subfield code="e">u</marc:subfield><marc:subfield code="x">3207</marc:subfield></marc:datafield><marc:datafield tag="954" ind1=" " ind2=" "><marc:subfield code="a">207</marc:subfield><marc:subfield code="b">631769102</marc:subfield><marc:subfield code="c">02</marc:subfield><marc:subfield code="d">EDV 3200 /9:1 CD</marc:subfield><marc:subfield code="e">u</marc:subfield><marc:subfield code="k">CD-ROM</marc:subfield><marc:subfield code="x">3207</marc:subfield></marc:datafield></marc:record>