
<marc:record><marc:leader>04388nam a2200973 c 4500</marc:leader>
<marc:controlfield tag="001">338083219</marc:controlfield>
<marc:controlfield tag="003">DE-601</marc:controlfield><marc:controlfield tag="005">20131021174429.0</marc:controlfield><marc:controlfield tag="008">011213s2002                  000 0 ger d</marc:controlfield><marc:datafield tag="015" ind1=" " ind2=" "><marc:subfield code="a">02N010775</marc:subfield><marc:subfield code="2">dnb</marc:subfield></marc:datafield><marc:datafield tag="015" ind1=" " ind2=" "><marc:subfield code="a">02A080896</marc:subfield><marc:subfield code="2">dnb</marc:subfield></marc:datafield><marc:datafield tag="016" ind1="7" ind2=" "><marc:subfield code="a">963184334</marc:subfield><marc:subfield code="2">DE-101</marc:subfield></marc:datafield><marc:datafield tag="020" ind1=" " ind2=" "><marc:subfield code="a">3897211475 (kart.)</marc:subfield><marc:subfield code="c">EUR 34.00</marc:subfield><marc:subfield code="9">3-89721-147-5</marc:subfield></marc:datafield><marc:datafield tag="024" ind1="8" ind2=" "><marc:subfield code="a">OEBST270800</marc:subfield></marc:datafield><marc:datafield tag="024" ind1="8" ind2=" "><marc:subfield code="a">FALzi028439</marc:subfield></marc:datafield><marc:datafield tag="024" ind1="8" ind2=" "><marc:subfield code="a">jubb10513735</marc:subfield></marc:datafield><marc:datafield tag="035" ind1=" " ind2=" "><marc:subfield code="a">(OCoLC)76334877</marc:subfield></marc:datafield><marc:datafield tag="040" ind1=" " ind2=" "><marc:subfield code="a">GBVCP</marc:subfield><marc:subfield code="b">ger</marc:subfield><marc:subfield code="c">GBVCP</marc:subfield><marc:subfield code="e">rakwb</marc:subfield></marc:datafield><marc:datafield tag="041" ind1="1" ind2=" "><marc:subfield code="a">ger</marc:subfield><marc:subfield code="h">eng</marc:subfield></marc:datafield><marc:datafield tag="044" ind1=" " ind2=" "><marc:subfield code="a">cc</marc:subfield><marc:subfield code="a">xxk</marc:subfield><marc:subfield code="a">gw</marc:subfield></marc:datafield><marc:datafield tag="084" ind1=" " ind2=" "><marc:subfield code="a">Zdo 9</marc:subfield><marc:subfield code="2">asb</marc:subfield></marc:datafield><marc:datafield tag="084" ind1=" " ind2=" "><marc:subfield code="a">28</marc:subfield><marc:subfield code="2">sdnb</marc:subfield></marc:datafield><marc:datafield tag="084" ind1=" " ind2=" "><marc:subfield code="a">54.53</marc:subfield><marc:subfield code="9">Programmiersprachen</marc:subfield><marc:subfield code="2">bcl</marc:subfield></marc:datafield><marc:datafield tag="084" ind1=" " ind2=" "><marc:subfield code="a">ST 250</marc:subfield><marc:subfield code="2">rvk</marc:subfield></marc:datafield><marc:datafield tag="084" ind1=" " ind2=" "><marc:subfield code="a">ST 250 P30</marc:subfield><marc:subfield code="2">rvk</marc:subfield></marc:datafield><marc:datafield tag="084" ind1=" " ind2=" "><marc:subfield code="a">ST 260</marc:subfield><marc:subfield code="2">rvk</marc:subfield></marc:datafield><marc:datafield tag="100" ind1="1" ind2=" "><marc:subfield code="a">Schwartz, Randal L.</marc:subfield></marc:datafield><marc:datafield tag="240" ind1="1" ind2="0"><marc:subfield code="a">Learning Perl &lt;dt.&gt;</marc:subfield></marc:datafield><marc:datafield tag="245" ind1="1" ind2="0"><marc:subfield code="a">Einführung in Perl</marc:subfield><marc:subfield code="c">Randal L. Schwartz; Tom Phoenix. Dt. Übers. von Jørgen W. Lang</marc:subfield></marc:datafield><marc:datafield tag="250" ind1=" " ind2=" "><marc:subfield code="a">3. Aufl.</marc:subfield></marc:datafield><marc:datafield tag="260" ind1="3" ind2=" "><marc:subfield code="a">Beijing [u.a.]</marc:subfield><marc:subfield code="b">O'Reilly</marc:subfield><marc:subfield code="c">2002</marc:subfield></marc:datafield><marc:datafield tag="300" ind1=" " ind2=" "><marc:subfield code="a">XIV, 352 S.</marc:subfield><marc:subfield code="b">ill</marc:subfield><marc:subfield code="c">23 cm</marc:subfield></marc:datafield><marc:datafield tag="650" ind1=" " ind2="7"><marc:subfield code="0">(DE-601)123519713</marc:subfield><marc:subfield code="0">(DE-588)4307836-9</marc:subfield><marc:subfield code="a">Perl</marc:subfield><marc:subfield code="9">g:Programmiersprache</marc:subfield><marc:subfield code="2">gnd</marc:subfield></marc:datafield><marc:datafield tag="650" ind1=" " ind2="7"><marc:subfield code="0">(DE-601)332676242</marc:subfield><marc:subfield code="0">(DE-588)4646656-3</marc:subfield><marc:subfield code="a">Perl 5.6</marc:subfield><marc:subfield code="2">gnd</marc:subfield></marc:datafield><marc:datafield tag="650" ind1=" " ind2="0"><marc:subfield code="a">Perl (Computer program language)</marc:subfield></marc:datafield><marc:datafield tag="650" ind1=" " ind2="7"><marc:subfield code="0">(DE-601)123519713</marc:subfield><marc:subfield code="0">(DE-588)4307836-9</marc:subfield><marc:subfield code="a">Perl</marc:subfield><marc:subfield code="9">g:Programmiersprache</marc:subfield><marc:subfield code="2">gbv</marc:subfield></marc:datafield><marc:datafield tag="650" ind1=" " ind2="7"><marc:subfield code="0">(DE-601)332676242</marc:subfield><marc:subfield code="0">(DE-588)4646656-3</marc:subfield><marc:subfield code="a">Perl 5.6</marc:subfield><marc:subfield code="2">gbv</marc:subfield></marc:datafield><marc:datafield tag="653" ind1=" " ind2="7"><marc:subfield code="a">30m</marc:subfield><marc:subfield code="2">gnd</marc:subfield></marc:datafield><marc:datafield tag="653" ind1=" " ind2="7"><marc:subfield code="a">30m</marc:subfield><marc:subfield code="2">gnd</marc:subfield></marc:datafield><marc:datafield tag="689" ind1="0" ind2="0"><marc:subfield code="0">(DE-601)123519713</marc:subfield><marc:subfield code="0">(DE-588)4307836-9</marc:subfield><marc:subfield code="a">Perl</marc:subfield><marc:subfield code="9">g:Programmiersprache</marc:subfield></marc:datafield><marc:datafield tag="689" ind1="1" ind2="0"><marc:subfield code="0">(DE-601)332676242</marc:subfield><marc:subfield code="0">(DE-588)4646656-3</marc:subfield><marc:subfield code="a">Perl 5.6</marc:subfield></marc:datafield><marc:datafield tag="700" ind1="1" ind2=" "><marc:subfield code="a">Phoenix, Tom</marc:subfield><marc:subfield code="e">Author</marc:subfield><marc:subfield code="4">aut</marc:subfield></marc:datafield><marc:datafield tag="856" ind1="4" ind2="2"><marc:subfield code="y">Inhaltsverzeichnis</marc:subfield><marc:subfield code="u">http://www.gbv.de/dms/ilmenau/toc/338083219.PDF</marc:subfield><marc:subfield code="m">V:DE-601;DE-ilm1</marc:subfield><marc:subfield code="3">Inhaltsverzeichnis</marc:subfield></marc:datafield><marc:datafield tag="856" ind1="4" ind2="2"><marc:subfield code="u">http://d-nb.info/963184334/04</marc:subfield><marc:subfield code="m">Verlag: GBV</marc:subfield><marc:subfield code="3">Inhaltsverzeichnis</marc:subfield></marc:datafield><marc:datafield tag="900" ind1=" " ind2=" "><marc:subfield code="a">GBV</marc:subfield><marc:subfield code="b">UB Braunschweig &lt;84&gt;</marc:subfield><marc:subfield code="d">!F3!  </marc:subfield><marc:subfield code="x">N</marc:subfield><marc:subfield code="z">N</marc:subfield></marc:datafield><marc:datafield tag="900" ind1=" " ind2=" "><marc:subfield code="a">GBV</marc:subfield><marc:subfield code="b">SUB+Uni Hamburg &lt;18&gt;</marc:subfield><marc:subfield code="d">!SUB! A/494561</marc:subfield><marc:subfield code="x">L</marc:subfield><marc:subfield code="z">LC</marc:subfield></marc:datafield><marc:datafield tag="900" ind1=" " ind2=" "><marc:subfield code="a">GBV</marc:subfield><marc:subfield code="b">TUB Hamburg &lt;830&gt;</marc:subfield><marc:subfield code="d">!28! 2804-6130</marc:subfield><marc:subfield code="d">!DFB! DFB-014</marc:subfield><marc:subfield code="x">N</marc:subfield><marc:subfield code="z">N</marc:subfield><marc:subfield code="d">2804-5267</marc:subfield></marc:datafield><marc:datafield tag="900" ind1=" " ind2=" "><marc:subfield code="a">GBV</marc:subfield><marc:subfield code="b">UB Kiel &lt;8&gt;</marc:subfield><marc:subfield code="d">!10 inf 639! Db 3670+003</marc:subfield><marc:subfield code="x">L</marc:subfield><marc:subfield code="z">LC</marc:subfield><marc:subfield code="s">8</marc:subfield></marc:datafield><marc:datafield tag="900" ind1=" " ind2=" "><marc:subfield code="a">GBV</marc:subfield><marc:subfield code="b">UB Ilmenau &lt;Ilm 1&gt;</marc:subfield><marc:subfield code="d">!93! INF 8316</marc:subfield><marc:subfield code="x">L</marc:subfield><marc:subfield code="z">LC</marc:subfield></marc:datafield><marc:datafield tag="900" ind1=" " ind2=" "><marc:subfield code="a">GBV</marc:subfield><marc:subfield code="b">UFB Erfurt/Gotha &lt;547&gt;</marc:subfield><marc:subfield code="d">!DPL Wr! ST 250 P30 S399(3)</marc:subfield><marc:subfield code="x">N</marc:subfield><marc:subfield code="z">N</marc:subfield></marc:datafield><marc:datafield tag="900" ind1=" " ind2=" "><marc:subfield code="a">GBV</marc:subfield><marc:subfield code="b">ULB Halle &lt;3&gt;</marc:subfield><marc:subfield code="d">!Ha 11! Y 310 S 1 = 09</marc:subfield><marc:subfield code="x">L</marc:subfield><marc:subfield code="z">LC</marc:subfield><marc:subfield code="s">3/11</marc:subfield></marc:datafield><marc:datafield tag="900" ind1=" " ind2=" "><marc:subfield code="a">GBV</marc:subfield><marc:subfield code="b">TIB/UB Hannover &lt;89&gt;</marc:subfield><marc:subfield code="d">T 02 B 1355</marc:subfield><marc:subfield code="x">L</marc:subfield><marc:subfield code="z">LC</marc:subfield></marc:datafield><marc:datafield tag="900" ind1=" " ind2=" "><marc:subfield code="a">GBV</marc:subfield><marc:subfield code="b">Thür. Behördenbibl. Erfurt</marc:subfield><marc:subfield code="d">!LT! 03/32(HB)</marc:subfield><marc:subfield code="x">N</marc:subfield><marc:subfield code="z">N</marc:subfield><marc:subfield code="s">3119/002</marc:subfield></marc:datafield><marc:datafield tag="900" ind1=" " ind2=" "><marc:subfield code="a">GBV</marc:subfield><marc:subfield code="b">HS Wismar &lt;Wis 1&gt;</marc:subfield><marc:subfield code="d">2002 A 1816</marc:subfield><marc:subfield code="x">L</marc:subfield><marc:subfield code="z">LC</marc:subfield></marc:datafield><marc:datafield tag="900" ind1=" " ind2=" "><marc:subfield code="a">GBV</marc:subfield><marc:subfield code="b">FH Nordhausen &lt;564&gt;</marc:subfield><marc:subfield code="d">!LS! ST 250 P30 S399(3)</marc:subfield><marc:subfield code="x">N</marc:subfield><marc:subfield code="z">N</marc:subfield><marc:subfield code="f">Übernahme aus Dienstkonto Stockmar</marc:subfield></marc:datafield><marc:datafield tag="900" ind1=" " ind2=" "><marc:subfield code="a">GBV</marc:subfield><marc:subfield code="b">AWI Bremerhaven &lt;Bv 2&gt;</marc:subfield><marc:subfield code="d">!BV:S25! kyb 430 38</marc:subfield><marc:subfield code="x">N</marc:subfield><marc:subfield code="z">N</marc:subfield><marc:subfield code="d">!NE! kyb 430 38a</marc:subfield><marc:subfield code="x">N</marc:subfield><marc:subfield code="z">N</marc:subfield></marc:datafield><marc:datafield tag="900" ind1=" " ind2=" "><marc:subfield code="a">GBV</marc:subfield><marc:subfield code="b">FH Stralsund &lt;Sra 5&gt;</marc:subfield><marc:subfield code="d">ST 250 P30 S399(3)</marc:subfield><marc:subfield code="x">L</marc:subfield><marc:subfield code="z">LC</marc:subfield></marc:datafield><marc:datafield tag="900" ind1=" " ind2=" "><marc:subfield code="a">GBV</marc:subfield><marc:subfield code="b">Ressortbibliotheken des BMEL</marc:subfield><marc:subfield code="d">!253 27! T:SchwEinf</marc:subfield><marc:subfield code="x">L</marc:subfield><marc:subfield code="z">LC</marc:subfield><marc:subfield code="s">4252/090</marc:subfield><marc:subfield code="d">!253 27! A 12143</marc:subfield><marc:subfield code="x">L</marc:subfield><marc:subfield code="z">LC</marc:subfield><marc:subfield code="s">4252/090</marc:subfield><marc:subfield code="d">!Nsr1! HG</marc:subfield><marc:subfield code="x">N</marc:subfield><marc:subfield code="z">N</marc:subfield><marc:subfield code="s">4252/104</marc:subfield></marc:datafield><marc:datafield tag="900" ind1=" " ind2=" "><marc:subfield code="a">GBV</marc:subfield><marc:subfield code="b">Jacobs University Bremen &lt;579&gt;</marc:subfield><marc:subfield code="d">QA76.73.P22 S37 2002</marc:subfield><marc:subfield code="x">N</marc:subfield><marc:subfield code="z">N</marc:subfield></marc:datafield><marc:datafield tag="950" ind1=" " ind2=" "><marc:subfield code="a">Perl &lt;Programmiersprache&gt;</marc:subfield><marc:subfield code="2">136</marc:subfield></marc:datafield><marc:datafield tag="950" ind1=" " ind2=" "><marc:subfield code="a">Perl 5.6</marc:subfield><marc:subfield code="2">136</marc:subfield></marc:datafield><marc:datafield tag="951" ind1=" " ind2=" "><marc:subfield code="a">ST 250 P30</marc:subfield><marc:subfield code="2">32</marc:subfield></marc:datafield><marc:datafield tag="951" ind1=" " ind2=" "><marc:subfield code="a">ST 250</marc:subfield><marc:subfield code="2">39</marc:subfield></marc:datafield><marc:datafield tag="951" ind1=" " ind2=" "><marc:subfield code="a">F:A4d.hh5</marc:subfield><marc:subfield code="2">136</marc:subfield></marc:datafield><marc:datafield tag="951" ind1=" " ind2=" "><marc:subfield code="a">ST 250 P30</marc:subfield><marc:subfield code="2">138</marc:subfield></marc:datafield><marc:datafield tag="951" ind1=" " ind2=" "><marc:subfield code="a">ST 250 P30</marc:subfield><marc:subfield code="2">185</marc:subfield></marc:datafield><marc:datafield tag="954" ind1=" " ind2=" "><marc:subfield code="a">20</marc:subfield><marc:subfield code="b">1369130333</marc:subfield><marc:subfield code="c">01</marc:subfield><marc:subfield code="f">F3</marc:subfield><marc:subfield code="d"> </marc:subfield><marc:subfield code="e">i</marc:subfield><marc:subfield code="x">0084</marc:subfield></marc:datafield><marc:datafield tag="954" ind1=" " ind2=" "><marc:subfield code="a">22</marc:subfield><marc:subfield code="b">891658475</marc:subfield><marc:subfield code="c">02</marc:subfield><marc:subfield code="f">SUB</marc:subfield><marc:subfield code="d">A/494561</marc:subfield><marc:subfield code="e">u</marc:subfield><marc:subfield code="x">0018</marc:subfield></marc:datafield><marc:datafield tag="954" ind1=" " ind2=" "><marc:subfield code="a">23</marc:subfield><marc:subfield code="b">556542320</marc:subfield><marc:subfield code="c">01</marc:subfield><marc:subfield code="f">28</marc:subfield><marc:subfield code="d">2804-6130</marc:subfield><marc:subfield code="x">0830</marc:subfield></marc:datafield><marc:datafield tag="954" ind1=" " ind2=" "><marc:subfield code="a">23</marc:subfield><marc:subfield code="b">556542339</marc:subfield><marc:subfield code="c">50</marc:subfield><marc:subfield code="f">DFB</marc:subfield><marc:subfield code="d">DFB-014</marc:subfield><marc:subfield code="e">i</marc:subfield><marc:subfield code="d">2804-5267</marc:subfield><marc:subfield code="x">0830</marc:subfield></marc:datafield><marc:datafield tag="954" ind1=" " ind2=" "><marc:subfield code="a">24</marc:subfield><marc:subfield code="b">550941835</marc:subfield><marc:subfield code="c">01</marc:subfield><marc:subfield code="f">10 inf 639</marc:subfield><marc:subfield code="d">Db 3670+003</marc:subfield><marc:subfield code="e">u</marc:subfield><marc:subfield code="x">0008</marc:subfield></marc:datafield><marc:datafield tag="954" ind1=" " ind2=" "><marc:subfield code="a">32</marc:subfield><marc:subfield code="b">554177668</marc:subfield><marc:subfield code="c">01</marc:subfield><marc:subfield code="f">93</marc:subfield><marc:subfield code="d">INF 8316</marc:subfield><marc:subfield code="e">u</marc:subfield><marc:subfield code="x">3400</marc:subfield></marc:datafield><marc:datafield tag="954" ind1=" " ind2=" "><marc:subfield code="a">39</marc:subfield><marc:subfield code="b">551238496</marc:subfield><marc:subfield code="c">01</marc:subfield><marc:subfield code="f">DPL Wr</marc:subfield><marc:subfield code="d">ST 250 P30 S399(3)</marc:subfield><marc:subfield code="e">g</marc:subfield><marc:subfield code="x">0547</marc:subfield></marc:datafield><marc:datafield tag="954" ind1=" " ind2=" "><marc:subfield code="a">65</marc:subfield><marc:subfield code="b">565787640</marc:subfield><marc:subfield code="c">01</marc:subfield><marc:subfield code="f">Ha 11</marc:subfield><marc:subfield code="d">Y 310 S 1 = 09</marc:subfield><marc:subfield code="e">d</marc:subfield><marc:subfield code="x">3/11</marc:subfield></marc:datafield><marc:datafield tag="954" ind1=" " ind2=" "><marc:subfield code="a">70</marc:subfield><marc:subfield code="b">537654488</marc:subfield><marc:subfield code="c">01</marc:subfield><marc:subfield code="d">T 02 B 1355</marc:subfield><marc:subfield code="e">u</marc:subfield><marc:subfield code="x">0089</marc:subfield></marc:datafield><marc:datafield tag="954" ind1=" " ind2=" "><marc:subfield code="a">119</marc:subfield><marc:subfield code="b">587630388</marc:subfield><marc:subfield code="c">01</marc:subfield><marc:subfield code="f">LT</marc:subfield><marc:subfield code="d">03/32(HB)</marc:subfield><marc:subfield code="e">g</marc:subfield><marc:subfield code="x">3119/002</marc:subfield></marc:datafield><marc:datafield tag="954" ind1=" " ind2=" "><marc:subfield code="a">136</marc:subfield><marc:subfield code="b">556822358</marc:subfield><marc:subfield code="c">01</marc:subfield><marc:subfield code="d">2002 A 1816</marc:subfield><marc:subfield code="e">u</marc:subfield><marc:subfield code="x">3526</marc:subfield></marc:datafield><marc:datafield tag="954" ind1=" " ind2=" "><marc:subfield code="a">138</marc:subfield><marc:subfield code="b">875068235</marc:subfield><marc:subfield code="c">01</marc:subfield><marc:subfield code="f">LS</marc:subfield><marc:subfield code="d">ST 250 P30 S399(3)</marc:subfield><marc:subfield code="e">c</marc:subfield><marc:subfield code="k">Übernahme aus Dienstkonto Stockmar</marc:subfield><marc:subfield code="x">0564</marc:subfield></marc:datafield><marc:datafield tag="954" ind1=" " ind2=" "><marc:subfield code="a">154</marc:subfield><marc:subfield code="b">555218627</marc:subfield><marc:subfield code="c">01</marc:subfield><marc:subfield code="f">BV:S25</marc:subfield><marc:subfield code="d">kyb 430 38</marc:subfield><marc:subfield code="e">i</marc:subfield><marc:subfield code="x">3713</marc:subfield></marc:datafield><marc:datafield tag="954" ind1=" " ind2=" "><marc:subfield code="a">154</marc:subfield><marc:subfield code="b">615895972</marc:subfield><marc:subfield code="c">02</marc:subfield><marc:subfield code="f">NE</marc:subfield><marc:subfield code="d">kyb 430 38a</marc:subfield><marc:subfield code="e">i</marc:subfield><marc:subfield code="x">3713</marc:subfield></marc:datafield><marc:datafield tag="954" ind1=" " ind2=" "><marc:subfield code="a">185</marc:subfield><marc:subfield code="b">541250124</marc:subfield><marc:subfield code="c">01</marc:subfield><marc:subfield code="d">ST 250 P30 S399(3)</marc:subfield><marc:subfield code="e">u</marc:subfield><marc:subfield code="x">3519</marc:subfield></marc:datafield><marc:datafield tag="954" ind1=" " ind2=" "><marc:subfield code="a">252</marc:subfield><marc:subfield code="b">843946407</marc:subfield><marc:subfield code="c">01</marc:subfield><marc:subfield code="f">253 27</marc:subfield><marc:subfield code="d">T:SchwEinf</marc:subfield><marc:subfield code="e">u</marc:subfield><marc:subfield code="f">253 27</marc:subfield><marc:subfield code="d">A 12143</marc:subfield><marc:subfield code="e">u</marc:subfield><marc:subfield code="x">4252/090</marc:subfield></marc:datafield><marc:datafield tag="954" ind1=" " ind2=" "><marc:subfield code="a">252</marc:subfield><marc:subfield code="b">843946415</marc:subfield><marc:subfield code="c">02</marc:subfield><marc:subfield code="f">Nsr1</marc:subfield><marc:subfield code="d">HG</marc:subfield><marc:subfield code="e">g</marc:subfield><marc:subfield code="x">4252/104</marc:subfield></marc:datafield><marc:datafield tag="954" ind1=" " ind2=" "><marc:subfield code="a">390</marc:subfield><marc:subfield code="b">1380880572</marc:subfield><marc:subfield code="c">01</marc:subfield><marc:subfield code="d">QA76.73.P22 S37 2002</marc:subfield><marc:subfield code="e">i</marc:subfield><marc:subfield code="x">0579</marc:subfield></marc:datafield></marc:record>