
<marc:record><marc:leader>01552nam a2200373 c 4500</marc:leader>
<marc:controlfield tag="001">332021424</marc:controlfield>
<marc:controlfield tag="003">DE-601</marc:controlfield><marc:controlfield tag="005">20130222015433.0</marc:controlfield><marc:controlfield tag="008">010725s2002    xxu           000 0 eng d</marc:controlfield><marc:datafield tag="020" ind1=" " ind2=" "><marc:subfield code="a">0130282510</marc:subfield><marc:subfield code="9">0-13-028251-0</marc:subfield></marc:datafield><marc:datafield tag="035" ind1=" " ind2=" "><marc:subfield code="a">(OCoLC)248034993</marc:subfield></marc:datafield><marc:datafield tag="035" ind1=" " ind2=" "><marc:subfield code="a">(DE-599)GBV332021424</marc:subfield></marc:datafield><marc:datafield tag="040" ind1=" " ind2=" "><marc:subfield code="a">GBVCP</marc:subfield><marc:subfield code="b">ger</marc:subfield><marc:subfield code="c">GBVCP</marc:subfield><marc:subfield code="e">rakwb</marc:subfield></marc:datafield><marc:datafield tag="041" ind1="0" ind2=" "><marc:subfield code="a">eng</marc:subfield></marc:datafield><marc:datafield tag="050" ind1=" " ind2="0"><marc:subfield code="a">QA76.73.P22</marc:subfield></marc:datafield><marc:datafield tag="082" ind1="0" ind2="0"><marc:subfield code="a">005.13/3</marc:subfield></marc:datafield><marc:datafield tag="084" ind1=" " ind2=" "><marc:subfield code="a">54.53</marc:subfield><marc:subfield code="9">Programmiersprachen</marc:subfield><marc:subfield code="2">bcl</marc:subfield></marc:datafield><marc:datafield tag="084" ind1=" " ind2=" "><marc:subfield code="a">ST 250</marc:subfield><marc:subfield code="2">rvk</marc:subfield></marc:datafield><marc:datafield tag="084" ind1=" " ind2=" "><marc:subfield code="a">ST 260</marc:subfield><marc:subfield code="2">rvk</marc:subfield></marc:datafield><marc:datafield tag="100" ind1="1" ind2=" "><marc:subfield code="a">Quigley, Ellie</marc:subfield></marc:datafield><marc:datafield tag="245" ind1="1" ind2="0"><marc:subfield code="a">Perl by example</marc:subfield><marc:subfield code="c">Ellie Quigley</marc:subfield></marc:datafield><marc:datafield tag="250" ind1=" " ind2=" "><marc:subfield code="a">3. ed</marc:subfield></marc:datafield><marc:datafield tag="260" ind1="3" ind2=" "><marc:subfield code="a">Upper Saddle River, NJ</marc:subfield><marc:subfield code="b">Prentice Hall PTR</marc:subfield><marc:subfield code="c">c2002</marc:subfield></marc:datafield><marc:datafield tag="300" ind1=" " ind2=" "><marc:subfield code="a">XXIII, 851 S</marc:subfield><marc:subfield code="b">Ill., graph. Darst</marc:subfield><marc:subfield code="e">1 CD-ROM</marc:subfield></marc:datafield><marc:datafield tag="490" ind1="0" ind2=" "><marc:subfield code="a">Prentice Hall PTR open source technology series</marc:subfield></marc:datafield><marc:datafield tag="650" ind1=" " ind2="7"><marc:subfield code="0">(DE-601)123519713</marc:subfield><marc:subfield code="0">(DE-588)4307836-9</marc:subfield><marc:subfield code="a">Perl</marc:subfield><marc:subfield code="9">g:Programmiersprache</marc:subfield><marc:subfield code="2">gbv</marc:subfield></marc:datafield><marc:datafield tag="653" ind1=" " ind2="0"><marc:subfield code="a">Perl (Computer program language)</marc:subfield></marc:datafield><marc:datafield tag="653" ind1=" " ind2="0"><marc:subfield code="a">Perl (Computer program language)</marc:subfield></marc:datafield><marc:datafield tag="856" ind1="4" ind2="2"><marc:subfield code="y">Inhaltsverzeichnis</marc:subfield><marc:subfield code="u">http://www.gbv.de/dms/bowker/toc/9780130282514.pdf</marc:subfield><marc:subfield code="m">V:DE-601;Bowker</marc:subfield><marc:subfield code="3">Inhaltsverzeichnis</marc:subfield></marc:datafield><marc:datafield tag="900" ind1=" " ind2=" "><marc:subfield code="a">GBV</marc:subfield><marc:subfield code="b">ULB Halle &lt;3&gt;</marc:subfield><marc:subfield code="d">!Ha 4! PH 2002-918 (Buch)</marc:subfield><marc:subfield code="x">L</marc:subfield><marc:subfield code="z">LC</marc:subfield><marc:subfield code="s">3/4</marc:subfield><marc:subfield code="d">!Ha 4! PH 2002-918</marc:subfield><marc:subfield code="f">Buch</marc:subfield><marc:subfield code="d">!Ha 4! PH 2002-918 (CD-ROM)</marc:subfield><marc:subfield code="x">L</marc:subfield><marc:subfield code="z">LC</marc:subfield><marc:subfield code="s">3/4</marc:subfield><marc:subfield code="d">!Ha 4! PH 2002-918</marc:subfield><marc:subfield code="f">CD-ROM</marc:subfield></marc:datafield><marc:datafield tag="900" ind1=" " ind2=" "><marc:subfield code="a">GBV</marc:subfield><marc:subfield code="b">TIB/UB Hannover &lt;89&gt;</marc:subfield><marc:subfield code="d">T 01 B 5810</marc:subfield><marc:subfield code="x">L</marc:subfield><marc:subfield code="z">LC</marc:subfield></marc:datafield><marc:datafield tag="954" ind1=" " ind2=" "><marc:subfield code="a">65</marc:subfield><marc:subfield code="b">575214473</marc:subfield><marc:subfield code="c">01</marc:subfield><marc:subfield code="f">Ha 4</marc:subfield><marc:subfield code="d">PH 2002-918 (Buch)</marc:subfield><marc:subfield code="e">d</marc:subfield><marc:subfield code="f">Ha 4</marc:subfield><marc:subfield code="d">PH 2002-918</marc:subfield><marc:subfield code="k">Buch</marc:subfield><marc:subfield code="x">3/4</marc:subfield></marc:datafield><marc:datafield tag="954" ind1=" " ind2=" "><marc:subfield code="a">65</marc:subfield><marc:subfield code="b">595831613</marc:subfield><marc:subfield code="c">02</marc:subfield><marc:subfield code="f">Ha 4</marc:subfield><marc:subfield code="d">PH 2002-918 (CD-ROM)</marc:subfield><marc:subfield code="e">d</marc:subfield><marc:subfield code="f">Ha 4</marc:subfield><marc:subfield code="d">PH 2002-918</marc:subfield><marc:subfield code="k">CD-ROM</marc:subfield><marc:subfield code="x">3/4</marc:subfield></marc:datafield><marc:datafield tag="954" ind1=" " ind2=" "><marc:subfield code="a">70</marc:subfield><marc:subfield code="b">532206002</marc:subfield><marc:subfield code="c">01</marc:subfield><marc:subfield code="d">T 01 B 5810</marc:subfield><marc:subfield code="e">u</marc:subfield><marc:subfield code="x">0089</marc:subfield></marc:datafield></marc:record>