
<marc:record><marc:leader>01459nam a2200349 c 4500</marc:leader>
<marc:controlfield tag="001">337779376</marc:controlfield>
<marc:controlfield tag="003">DE-601</marc:controlfield><marc:controlfield tag="005">20130222023741.0</marc:controlfield><marc:controlfield tag="008">011205s2001    gw            000 0 ger d</marc:controlfield><marc:datafield tag="020" ind1=" " ind2=" "><marc:subfield code="a">3772318967</marc:subfield><marc:subfield code="9">3-7723-1896-7</marc:subfield></marc:datafield><marc:datafield tag="035" ind1=" " ind2=" "><marc:subfield code="a">(OCoLC)248444523</marc:subfield></marc:datafield><marc:datafield tag="035" ind1=" " ind2=" "><marc:subfield code="a">(DE-599)GBV337779376</marc:subfield></marc:datafield><marc:datafield tag="040" ind1=" " ind2=" "><marc:subfield code="a">GBVCP</marc:subfield><marc:subfield code="b">ger</marc:subfield><marc:subfield code="c">GBVCP</marc:subfield><marc:subfield code="e">rakwb</marc:subfield></marc:datafield><marc:datafield tag="041" ind1="0" ind2=" "><marc:subfield code="a">ger</marc:subfield></marc:datafield><marc:datafield tag="084" ind1=" " ind2=" "><marc:subfield code="a">54.55</marc:subfield><marc:subfield code="9">Auszeichnungssprachen</marc:subfield><marc:subfield code="2">bcl</marc:subfield></marc:datafield><marc:datafield tag="084" ind1=" " ind2=" "><marc:subfield code="a">54.53</marc:subfield><marc:subfield code="9">Programmiersprachen</marc:subfield><marc:subfield code="2">bcl</marc:subfield></marc:datafield><marc:datafield tag="084" ind1=" " ind2=" "><marc:subfield code="a">54.65</marc:subfield><marc:subfield code="9">Webentwicklung</marc:subfield><marc:subfield code="2">bcl</marc:subfield></marc:datafield><marc:datafield tag="100" ind1="1" ind2=" "><marc:subfield code="a">Münz, Stefan</marc:subfield></marc:datafield><marc:datafield tag="245" ind1="1" ind2="0"><marc:subfield code="a">HTML 4.0 Handbuch</marc:subfield><marc:subfield code="b">HTML - JavaScript - DHTML - Perl ; mit 34 Tabellen</marc:subfield><marc:subfield code="c">Stefan Münz; Wolfgang Nefzger</marc:subfield></marc:datafield><marc:datafield tag="250" ind1=" " ind2=" "><marc:subfield code="a">3., neubearb. Aufl. ungekürzte Sonderausg</marc:subfield></marc:datafield><marc:datafield tag="260" ind1="3" ind2=" "><marc:subfield code="a">Poing</marc:subfield><marc:subfield code="b">Franzis</marc:subfield><marc:subfield code="c">2001</marc:subfield></marc:datafield><marc:datafield tag="300" ind1=" " ind2=" "><marc:subfield code="a">992 S</marc:subfield><marc:subfield code="b">Ill., graph. Darst</marc:subfield><marc:subfield code="e">1 CD-ROM (12 cm)</marc:subfield></marc:datafield><marc:datafield tag="490" ind1="0" ind2=" "><marc:subfield code="a">Professional series</marc:subfield></marc:datafield><marc:datafield tag="500" ind1=" " ind2=" "><marc:subfield code="a">Auf CD-ROM: Selfhtml 7.0; Browser und Tools für Windows und Linux; HTML-Editoren; ClipArts und Hintergrundmuster</marc:subfield></marc:datafield><marc:datafield tag="650" ind1=" " ind2="7"><marc:subfield code="0">(DE-601)236968041</marc:subfield><marc:subfield code="0">(DE-588)4477728-0</marc:subfield><marc:subfield code="a">HTML 4.0</marc:subfield><marc:subfield code="2">gbv</marc:subfield></marc:datafield><marc:datafield tag="650" ind1=" " ind2="7"><marc:subfield code="0">(DE-601)234604492</marc:subfield><marc:subfield code="0">(DE-588)4470173-1</marc:subfield><marc:subfield code="a">JavaScript 1.2</marc:subfield><marc:subfield code="2">gbv</marc:subfield></marc:datafield><marc:datafield tag="650" ind1=" " ind2="7"><marc:subfield code="0">(DE-601)123519713</marc:subfield><marc:subfield code="0">(DE-588)4307836-9</marc:subfield><marc:subfield code="a">Perl</marc:subfield><marc:subfield code="9">g:Programmiersprache</marc:subfield><marc:subfield code="2">gbv</marc:subfield></marc:datafield><marc:datafield tag="650" ind1=" " ind2="7"><marc:subfield code="0">(DE-601)181366924</marc:subfield><marc:subfield code="0">(DE-588)4363898-3</marc:subfield><marc:subfield code="a">World Wide Web</marc:subfield><marc:subfield code="2">gbv</marc:subfield></marc:datafield><marc:datafield tag="700" ind1="1" ind2=" "><marc:subfield code="a">Nefzger, Wolfgang</marc:subfield><marc:subfield code="e">Author</marc:subfield><marc:subfield code="4">aut</marc:subfield></marc:datafield><marc:datafield tag="780" ind1="0" ind2="2"><marc:subfield code="i">Früher u.d.T.</marc:subfield><marc:subfield code="t">Münz, Stefan: HTML-Handbuch</marc:subfield></marc:datafield><marc:datafield tag="900" ind1=" " ind2=" "><marc:subfield code="a">GBV</marc:subfield><marc:subfield code="b">UB Braunschweig &lt;84&gt;</marc:subfield><marc:subfield code="d">!L1! 12.955</marc:subfield><marc:subfield code="x">N</marc:subfield><marc:subfield code="z">N</marc:subfield></marc:datafield><marc:datafield tag="954" ind1=" " ind2=" "><marc:subfield code="a">20</marc:subfield><marc:subfield code="b">595796559</marc:subfield><marc:subfield code="c">01</marc:subfield><marc:subfield code="f">L1</marc:subfield><marc:subfield code="d">12.955</marc:subfield><marc:subfield code="e">g</marc:subfield><marc:subfield code="x">0084</marc:subfield></marc:datafield></marc:record>