
<marc:record><marc:leader>05171nam a2201129 c 4500</marc:leader>
<marc:controlfield tag="001">335266177</marc:controlfield>
<marc:controlfield tag="003">DE-601</marc:controlfield><marc:controlfield tag="005">20130222021636.0</marc:controlfield><marc:controlfield tag="008">011017s2001    gw            000 0 ger d</marc:controlfield><marc:datafield tag="015" ind1=" " ind2=" "><marc:subfield code="a">01N440327</marc:subfield><marc:subfield code="2">dnb</marc:subfield></marc:datafield><marc:datafield tag="015" ind1=" " ind2=" "><marc:subfield code="a">02A050514</marc:subfield><marc:subfield code="2">dnb</marc:subfield></marc:datafield><marc:datafield tag="016" ind1="7" ind2=" "><marc:subfield code="a">962814385</marc:subfield><marc:subfield code="2">DE-101</marc:subfield></marc:datafield><marc:datafield tag="020" ind1=" " ind2=" "><marc:subfield code="a">3826608070 (Gb.)</marc:subfield><marc:subfield code="c">DM 88.01, EUR 45.00 (ab 1.1.2002)</marc:subfield><marc:subfield code="9">3-8266-0807-0</marc:subfield></marc:datafield><marc:datafield tag="035" ind1=" " ind2=" "><marc:subfield code="a">(OCoLC)76285351</marc:subfield></marc:datafield><marc:datafield tag="040" ind1=" " ind2=" "><marc:subfield code="a">GBVCP</marc:subfield><marc:subfield code="b">ger</marc:subfield><marc:subfield code="c">GBVCP</marc:subfield><marc:subfield code="e">rakwb</marc:subfield></marc:datafield><marc:datafield tag="041" ind1="1" ind2=" "><marc:subfield code="a">ger</marc:subfield><marc:subfield code="h">eng</marc:subfield></marc:datafield><marc:datafield tag="084" ind1=" " ind2=" "><marc:subfield code="a">28</marc:subfield><marc:subfield code="2">sdnb</marc:subfield></marc:datafield><marc:datafield tag="084" ind1=" " ind2=" "><marc:subfield code="a">54.51</marc:subfield><marc:subfield code="9">Programmiermethodik</marc:subfield><marc:subfield code="2">bcl</marc:subfield></marc:datafield><marc:datafield tag="084" ind1=" " ind2=" "><marc:subfield code="a">54.32</marc:subfield><marc:subfield code="9">Rechnerkommunikation</marc:subfield><marc:subfield code="2">bcl</marc:subfield></marc:datafield><marc:datafield tag="084" ind1=" " ind2=" "><marc:subfield code="a">54.81</marc:subfield><marc:subfield code="9">Anwendungssoftware</marc:subfield><marc:subfield code="2">bcl</marc:subfield></marc:datafield><marc:datafield tag="084" ind1=" " ind2=" "><marc:subfield code="a">ST 326</marc:subfield><marc:subfield code="2">rvk</marc:subfield></marc:datafield><marc:datafield tag="100" ind1="1" ind2=" "><marc:subfield code="a">Sanders, William B.</marc:subfield></marc:datafield><marc:datafield tag="240" ind1="1" ind2="0"><marc:subfield code="a">Server-side flash &lt;dt.&gt;</marc:subfield></marc:datafield><marc:datafield tag="245" ind1="1" ind2="0"><marc:subfield code="a">Serverseitige Flash-Programmierung</marc:subfield><marc:subfield code="c">William B. Sanders; Mark Winstanley. Übers. aus dem Amerikan. von Thorsten Graf</marc:subfield></marc:datafield><marc:datafield tag="250" ind1=" " ind2=" "><marc:subfield code="a">1. Aufl</marc:subfield></marc:datafield><marc:datafield tag="260" ind1="3" ind2=" "><marc:subfield code="a">Bonn</marc:subfield><marc:subfield code="b">mitp-Verl.</marc:subfield><marc:subfield code="c">2001</marc:subfield></marc:datafield><marc:datafield tag="300" ind1=" " ind2=" "><marc:subfield code="a">551 S</marc:subfield><marc:subfield code="b">Ill., graph. Darst</marc:subfield><marc:subfield code="c">24 cm</marc:subfield><marc:subfield code="e">1 CD-ROM</marc:subfield></marc:datafield><marc:datafield tag="650" ind1=" " ind2="7"><marc:subfield code="0">(DE-601)326409408</marc:subfield><marc:subfield code="0">(DE-588)4617145-9</marc:subfield><marc:subfield code="a">Flash 5</marc:subfield><marc:subfield code="2">gnd</marc:subfield></marc:datafield><marc:datafield tag="650" ind1=" " ind2="7"><marc:subfield code="0">(DE-601)222531991</marc:subfield><marc:subfield code="0">(DE-588)4435301-7</marc:subfield><marc:subfield code="a">CGI</marc:subfield><marc:subfield code="9">g:Gateway</marc:subfield><marc:subfield code="2">gnd</marc:subfield></marc:datafield><marc:datafield tag="650" ind1=" " ind2="7"><marc:subfield code="0">(DE-601)123519713</marc:subfield><marc:subfield code="0">(DE-588)4307836-9</marc:subfield><marc:subfield code="a">Perl</marc:subfield><marc:subfield code="9">g:Programmiersprache</marc:subfield><marc:subfield code="2">gnd</marc:subfield></marc:datafield><marc:datafield tag="650" ind1=" " ind2="7"><marc:subfield code="0">(DE-601)326409408</marc:subfield><marc:subfield code="0">(DE-588)4617145-9</marc:subfield><marc:subfield code="a">Flash 5</marc:subfield><marc:subfield code="2">gnd</marc:subfield></marc:datafield><marc:datafield tag="650" ind1=" " ind2="7"><marc:subfield code="0">(DE-601)239126793</marc:subfield><marc:subfield code="0">(DE-588)4484254-5</marc:subfield><marc:subfield code="a">Active Server Pages</marc:subfield><marc:subfield code="2">gnd</marc:subfield></marc:datafield><marc:datafield tag="650" ind1=" " ind2="7"><marc:subfield code="0">(DE-601)326409408</marc:subfield><marc:subfield code="0">(DE-588)4617145-9</marc:subfield><marc:subfield code="a">Flash 5</marc:subfield><marc:subfield code="2">gnd</marc:subfield></marc:datafield><marc:datafield tag="650" ind1=" " ind2="7"><marc:subfield code="0">(DE-601)270082832</marc:subfield><marc:subfield code="0">(DE-588)4546126-0</marc:subfield><marc:subfield code="a">PHP</marc:subfield><marc:subfield code="2">gnd</marc:subfield></marc:datafield><marc:datafield tag="650" ind1=" " ind2="7"><marc:subfield code="0">(DE-601)326409408</marc:subfield><marc:subfield code="0">(DE-588)4617145-9</marc:subfield><marc:subfield code="a">Flash 5</marc:subfield><marc:subfield code="2">gnd</marc:subfield></marc:datafield><marc:datafield tag="650" ind1=" " ind2="7"><marc:subfield code="0">(DE-601)326409408</marc:subfield><marc:subfield code="0">(DE-588)4617145-9</marc:subfield><marc:subfield code="a">Flash 5</marc:subfield><marc:subfield code="2">gbv</marc:subfield></marc:datafield><marc:datafield tag="650" ind1=" " ind2="7"><marc:subfield code="0">(DE-601)222531991</marc:subfield><marc:subfield code="0">(DE-588)4435301-7</marc:subfield><marc:subfield code="a">CGI</marc:subfield><marc:subfield code="9">g:Gateway</marc:subfield><marc:subfield code="2">gbv</marc:subfield></marc:datafield><marc:datafield tag="650" ind1=" " ind2="7"><marc:subfield code="0">(DE-601)123519713</marc:subfield><marc:subfield code="0">(DE-588)4307836-9</marc:subfield><marc:subfield code="a">Perl</marc:subfield><marc:subfield code="9">g:Programmiersprache</marc:subfield><marc:subfield code="2">gbv</marc:subfield></marc:datafield><marc:datafield tag="650" ind1=" " ind2="7"><marc:subfield code="0">(DE-601)326409408</marc:subfield><marc:subfield code="0">(DE-588)4617145-9</marc:subfield><marc:subfield code="a">Flash 5</marc:subfield><marc:subfield code="2">gbv</marc:subfield></marc:datafield><marc:datafield tag="650" ind1=" " ind2="7"><marc:subfield code="0">(DE-601)239126793</marc:subfield><marc:subfield code="0">(DE-588)4484254-5</marc:subfield><marc:subfield code="a">Active Server Pages</marc:subfield><marc:subfield code="2">gbv</marc:subfield></marc:datafield><marc:datafield tag="650" ind1=" " ind2="7"><marc:subfield code="0">(DE-601)326409408</marc:subfield><marc:subfield code="0">(DE-588)4617145-9</marc:subfield><marc:subfield code="a">Flash 5</marc:subfield><marc:subfield code="2">gbv</marc:subfield></marc:datafield><marc:datafield tag="650" ind1=" " ind2="7"><marc:subfield code="0">(DE-601)270082832</marc:subfield><marc:subfield code="0">(DE-588)4546126-0</marc:subfield><marc:subfield code="a">PHP</marc:subfield><marc:subfield code="2">gbv</marc:subfield></marc:datafield><marc:datafield tag="650" ind1=" " ind2="7"><marc:subfield code="0">(DE-601)326409408</marc:subfield><marc:subfield code="0">(DE-588)4617145-9</marc:subfield><marc:subfield code="a">Flash 5</marc:subfield><marc:subfield code="2">gbv</marc:subfield></marc:datafield><marc:datafield tag="653" ind1=" " ind2="7"><marc:subfield code="a">30m</marc:subfield><marc:subfield code="2">gnd</marc:subfield></marc:datafield><marc:datafield tag="653" ind1=" " ind2="7"><marc:subfield code="a">30m</marc:subfield><marc:subfield code="2">gnd</marc:subfield></marc:datafield><marc:datafield tag="653" ind1=" " ind2="7"><marc:subfield code="a">30m</marc:subfield><marc:subfield code="2">gnd</marc:subfield></marc:datafield><marc:datafield tag="653" ind1=" " ind2="7"><marc:subfield code="a">30m</marc:subfield><marc:subfield code="2">gnd</marc:subfield></marc:datafield><marc:datafield tag="689" ind1="0" ind2="0"><marc:subfield code="0">(DE-601)326409408</marc:subfield><marc:subfield code="0">(DE-588)4617145-9</marc:subfield><marc:subfield code="a">Flash 5</marc:subfield></marc:datafield><marc:datafield tag="689" ind1="0" ind2="1"><marc:subfield code="0">(DE-601)222531991</marc:subfield><marc:subfield code="0">(DE-588)4435301-7</marc:subfield><marc:subfield code="a">CGI</marc:subfield><marc:subfield code="9">g:Gateway</marc:subfield></marc:datafield><marc:datafield tag="689" ind1="0" ind2="2"><marc:subfield code="0">(DE-601)123519713</marc:subfield><marc:subfield code="0">(DE-588)4307836-9</marc:subfield><marc:subfield code="a">Perl</marc:subfield><marc:subfield code="9">g:Programmiersprache</marc:subfield></marc:datafield><marc:datafield tag="689" ind1="1" ind2="0"><marc:subfield code="0">(DE-601)326409408</marc:subfield><marc:subfield code="0">(DE-588)4617145-9</marc:subfield><marc:subfield code="a">Flash 5</marc:subfield></marc:datafield><marc:datafield tag="689" ind1="1" ind2="1"><marc:subfield code="0">(DE-601)239126793</marc:subfield><marc:subfield code="0">(DE-588)4484254-5</marc:subfield><marc:subfield code="a">Active Server Pages</marc:subfield></marc:datafield><marc:datafield tag="689" ind1="2" ind2="0"><marc:subfield code="0">(DE-601)326409408</marc:subfield><marc:subfield code="0">(DE-588)4617145-9</marc:subfield><marc:subfield code="a">Flash 5</marc:subfield></marc:datafield><marc:datafield tag="689" ind1="2" ind2="1"><marc:subfield code="0">(DE-601)270082832</marc:subfield><marc:subfield code="0">(DE-588)4546126-0</marc:subfield><marc:subfield code="a">PHP</marc:subfield></marc:datafield><marc:datafield tag="689" ind1="3" ind2="0"><marc:subfield code="0">(DE-601)326409408</marc:subfield><marc:subfield code="0">(DE-588)4617145-9</marc:subfield><marc:subfield code="a">Flash 5</marc:subfield></marc:datafield><marc:datafield tag="700" ind1="1" ind2=" "><marc:subfield code="a">Winstanley, Mark</marc:subfield><marc:subfield code="e">Author</marc:subfield><marc:subfield code="4">aut</marc:subfield></marc:datafield><marc:datafield tag="700" ind1="1" ind2=" "><marc:subfield code="a">Graf, Thorsten</marc:subfield></marc:datafield><marc:datafield tag="900" ind1=" " ind2=" "><marc:subfield code="a">GBV</marc:subfield><marc:subfield code="b">UB Ilmenau &lt;Ilm 1&gt;</marc:subfield><marc:subfield code="d">!53! INF ST 321 F32 S215</marc:subfield><marc:subfield code="x">L</marc:subfield><marc:subfield code="z">LC</marc:subfield></marc:datafield><marc:datafield tag="900" ind1=" " ind2=" "><marc:subfield code="a">GBV</marc:subfield><marc:subfield code="b">UB Rostock &lt;28&gt;</marc:subfield><marc:subfield code="d">!28/BB3! ST 321 F32 S215</marc:subfield><marc:subfield code="x">L</marc:subfield><marc:subfield code="z">LC</marc:subfield><marc:subfield code="f">Buch</marc:subfield><marc:subfield code="d">!28/BB3-NBM! ST 321 F32 S215-CD</marc:subfield><marc:subfield code="x">L</marc:subfield><marc:subfield code="z">LC</marc:subfield><marc:subfield code="f">CD-ROM</marc:subfield></marc:datafield><marc:datafield tag="900" ind1=" " ind2=" "><marc:subfield code="a">GBV</marc:subfield><marc:subfield code="b">UB Greifswald &lt;9&gt;</marc:subfield><marc:subfield code="d">!UB 660! 660/ST 326 F32 S215</marc:subfield><marc:subfield code="x">L</marc:subfield><marc:subfield code="z">LC</marc:subfield></marc:datafield><marc:datafield tag="900" ind1=" " ind2=" "><marc:subfield code="a">GBV</marc:subfield><marc:subfield code="b">TIB/UB Hannover &lt;89&gt;</marc:subfield><marc:subfield code="d">T 01 B 6097</marc:subfield><marc:subfield code="x">L</marc:subfield><marc:subfield code="z">LC</marc:subfield></marc:datafield><marc:datafield tag="900" ind1=" " ind2=" "><marc:subfield code="a">GBV</marc:subfield><marc:subfield code="b">HSB HSAnhalt &lt;Kt 1&gt;</marc:subfield><marc:subfield code="d">!KOET-Mag! 47240 &lt;1-2&gt;</marc:subfield><marc:subfield code="e">2</marc:subfield><marc:subfield code="x">L</marc:subfield><marc:subfield code="z">LC</marc:subfield><marc:subfield code="f">Buch</marc:subfield><marc:subfield code="d">!KOET-Mag! 47240 &lt;1-2&gt;</marc:subfield><marc:subfield code="e">2</marc:subfield><marc:subfield code="x">L</marc:subfield><marc:subfield code="z">LC</marc:subfield><marc:subfield code="f">CD-ROM</marc:subfield><marc:subfield code="d">!DE-Mag! D20479 &lt;1&gt;</marc:subfield><marc:subfield code="x">L</marc:subfield><marc:subfield code="z">LC</marc:subfield><marc:subfield code="f">Buch</marc:subfield><marc:subfield code="d">!DE-Mag! D20479 &lt;1&gt;</marc:subfield><marc:subfield code="x">L</marc:subfield><marc:subfield code="z">LC</marc:subfield><marc:subfield code="f">CD-ROM</marc:subfield><marc:subfield code="d">!DE-Mag! D20479 &lt;2-4&gt;</marc:subfield><marc:subfield code="e">3</marc:subfield><marc:subfield code="x">L</marc:subfield><marc:subfield code="z">LC</marc:subfield><marc:subfield code="f">Buch</marc:subfield><marc:subfield code="d">!DE-Mag! D20479 &lt;2-4&gt;</marc:subfield><marc:subfield code="e">3</marc:subfield><marc:subfield code="x">L</marc:subfield><marc:subfield code="z">LC</marc:subfield><marc:subfield code="f">CD-ROM</marc:subfield></marc:datafield><marc:datafield tag="900" ind1=" " ind2=" "><marc:subfield code="a">GBV</marc:subfield><marc:subfield code="b">HS Wismar &lt;Wis 1&gt;</marc:subfield><marc:subfield code="d">2002 A 1153</marc:subfield><marc:subfield code="x">L</marc:subfield><marc:subfield code="z">LC</marc:subfield></marc:datafield><marc:datafield tag="900" ind1=" " ind2=" "><marc:subfield code="a">GBV</marc:subfield><marc:subfield code="b">EAH Jena &lt;J 59&gt;</marc:subfield><marc:subfield code="d">!Mag1! 54.51,97-02/00001</marc:subfield><marc:subfield code="x">L</marc:subfield><marc:subfield code="z">LC</marc:subfield></marc:datafield><marc:datafield tag="900" ind1=" " ind2=" "><marc:subfield code="a">GBV</marc:subfield><marc:subfield code="b">HS Magdeburg-Stendal &lt;551&gt;</marc:subfield><marc:subfield code="d">IN 661-112</marc:subfield><marc:subfield code="x">L</marc:subfield><marc:subfield code="z">LC</marc:subfield></marc:datafield><marc:datafield tag="950" ind1=" " ind2=" "><marc:subfield code="a">Programmierung</marc:subfield><marc:subfield code="2">118</marc:subfield></marc:datafield><marc:datafield tag="950" ind1=" " ind2=" "><marc:subfield code="a">Flash 5</marc:subfield><marc:subfield code="2">136</marc:subfield></marc:datafield><marc:datafield tag="950" ind1=" " ind2=" "><marc:subfield code="a">Server</marc:subfield><marc:subfield code="2">136</marc:subfield></marc:datafield><marc:datafield tag="950" ind1=" " ind2=" "><marc:subfield code="a">CGI</marc:subfield><marc:subfield code="2">136</marc:subfield></marc:datafield><marc:datafield tag="950" ind1=" " ind2=" "><marc:subfield code="a">Perl &lt;Programmiersprache&gt;</marc:subfield><marc:subfield code="2">136</marc:subfield></marc:datafield><marc:datafield tag="950" ind1=" " ind2=" "><marc:subfield code="a">Active Server Pages</marc:subfield><marc:subfield code="2">136</marc:subfield></marc:datafield><marc:datafield tag="950" ind1=" " ind2=" "><marc:subfield code="a">PHP</marc:subfield><marc:subfield code="2">136</marc:subfield></marc:datafield><marc:datafield tag="950" ind1=" " ind2=" "><marc:subfield code="a">Rechnerkommunikation</marc:subfield><marc:subfield code="2">213</marc:subfield></marc:datafield><marc:datafield tag="950" ind1=" " ind2=" "><marc:subfield code="a">Programmiermethodik</marc:subfield><marc:subfield code="2">213</marc:subfield></marc:datafield><marc:datafield tag="950" ind1=" " ind2=" "><marc:subfield code="a">Programmiersprache</marc:subfield><marc:subfield code="2">213</marc:subfield></marc:datafield><marc:datafield tag="951" ind1=" " ind2=" "><marc:subfield code="a">ST 321 F32</marc:subfield><marc:subfield code="2">32</marc:subfield></marc:datafield><marc:datafield tag="951" ind1=" " ind2=" "><marc:subfield code="a">ST 326 F32</marc:subfield><marc:subfield code="2">69</marc:subfield></marc:datafield><marc:datafield tag="951" ind1=" " ind2=" "><marc:subfield code="a">ST 250 P33</marc:subfield><marc:subfield code="2">69</marc:subfield></marc:datafield><marc:datafield tag="951" ind1=" " ind2=" "><marc:subfield code="a">CSP</marc:subfield><marc:subfield code="2">118</marc:subfield></marc:datafield><marc:datafield tag="951" ind1=" " ind2=" "><marc:subfield code="a">F:A4d.hh11</marc:subfield><marc:subfield code="2">136</marc:subfield></marc:datafield><marc:datafield tag="951" ind1=" " ind2=" "><marc:subfield code="a">F:A4d.gg1</marc:subfield><marc:subfield code="2">136</marc:subfield></marc:datafield><marc:datafield tag="951" ind1=" " ind2=" "><marc:subfield code="a">F:A4d.ee</marc:subfield><marc:subfield code="2">136</marc:subfield></marc:datafield><marc:datafield tag="951" ind1=" " ind2=" "><marc:subfield code="a">F:A4d.cc</marc:subfield><marc:subfield code="2">136</marc:subfield></marc:datafield><marc:datafield tag="954" ind1=" " ind2=" "><marc:subfield code="a">32</marc:subfield><marc:subfield code="b">532970748</marc:subfield><marc:subfield code="c">01</marc:subfield><marc:subfield code="f">53</marc:subfield><marc:subfield code="d">INF ST 321 F32 S215</marc:subfield><marc:subfield code="e">u</marc:subfield><marc:subfield code="x">3400</marc:subfield></marc:datafield><marc:datafield tag="954" ind1=" " ind2=" "><marc:subfield code="a">62</marc:subfield><marc:subfield code="b">545233208</marc:subfield><marc:subfield code="c">01</marc:subfield><marc:subfield code="f">28/BB3</marc:subfield><marc:subfield code="d">ST 321 F32 S215</marc:subfield><marc:subfield code="e">u</marc:subfield><marc:subfield code="k">Buch</marc:subfield><marc:subfield code="x">0028</marc:subfield></marc:datafield><marc:datafield tag="954" ind1=" " ind2=" "><marc:subfield code="a">62</marc:subfield><marc:subfield code="b">551346604</marc:subfield><marc:subfield code="c">02</marc:subfield><marc:subfield code="f">28/BB3-NBM</marc:subfield><marc:subfield code="d">ST 321 F32 S215-CD</marc:subfield><marc:subfield code="e">u</marc:subfield><marc:subfield code="k">CD-ROM</marc:subfield><marc:subfield code="x">0028</marc:subfield></marc:datafield><marc:datafield tag="954" ind1=" " ind2=" "><marc:subfield code="a">69</marc:subfield><marc:subfield code="b">637112547</marc:subfield><marc:subfield code="c">01</marc:subfield><marc:subfield code="f">UB 660</marc:subfield><marc:subfield code="d">660/ST 326 F32 S215</marc:subfield><marc:subfield code="e">u</marc:subfield><marc:subfield code="x">0009</marc:subfield></marc:datafield><marc:datafield tag="954" ind1=" " ind2=" "><marc:subfield code="a">70</marc:subfield><marc:subfield code="b">531134369</marc:subfield><marc:subfield code="c">01</marc:subfield><marc:subfield code="d">T 01 B 6097</marc:subfield><marc:subfield code="e">u</marc:subfield><marc:subfield code="x">0089</marc:subfield></marc:datafield><marc:datafield tag="954" ind1=" " ind2=" "><marc:subfield code="a">118</marc:subfield><marc:subfield code="b">544548043</marc:subfield><marc:subfield code="c">01</marc:subfield><marc:subfield code="f">KOET-Mag</marc:subfield><marc:subfield code="d">47240 &lt;1-2&gt;</marc:subfield><marc:subfield code="e">u</marc:subfield><marc:subfield code="k">Buch</marc:subfield><marc:subfield code="x">3329</marc:subfield></marc:datafield><marc:datafield tag="954" ind1=" " ind2=" "><marc:subfield code="a">118</marc:subfield><marc:subfield code="b">544548051</marc:subfield><marc:subfield code="c">02</marc:subfield><marc:subfield code="f">KOET-Mag</marc:subfield><marc:subfield code="d">47240 &lt;1-2&gt;</marc:subfield><marc:subfield code="e">u</marc:subfield><marc:subfield code="k">CD-ROM</marc:subfield><marc:subfield code="x">3329</marc:subfield></marc:datafield><marc:datafield tag="954" ind1=" " ind2=" "><marc:subfield code="a">118</marc:subfield><marc:subfield code="b">74134811X</marc:subfield><marc:subfield code="c">03</marc:subfield><marc:subfield code="f">DE-Mag</marc:subfield><marc:subfield code="d">D20479 &lt;1&gt;</marc:subfield><marc:subfield code="e">u</marc:subfield><marc:subfield code="k">Buch</marc:subfield><marc:subfield code="x">3329</marc:subfield></marc:datafield><marc:datafield tag="954" ind1=" " ind2=" "><marc:subfield code="a">118</marc:subfield><marc:subfield code="b">741348128</marc:subfield><marc:subfield code="c">04</marc:subfield><marc:subfield code="f">DE-Mag</marc:subfield><marc:subfield code="d">D20479 &lt;1&gt;</marc:subfield><marc:subfield code="e">u</marc:subfield><marc:subfield code="k">CD-ROM</marc:subfield><marc:subfield code="x">3329</marc:subfield></marc:datafield><marc:datafield tag="954" ind1=" " ind2=" "><marc:subfield code="a">118</marc:subfield><marc:subfield code="b">741348136</marc:subfield><marc:subfield code="c">05</marc:subfield><marc:subfield code="f">DE-Mag</marc:subfield><marc:subfield code="d">D20479 &lt;2-4&gt;</marc:subfield><marc:subfield code="e">u</marc:subfield><marc:subfield code="k">Buch</marc:subfield><marc:subfield code="x">3329</marc:subfield></marc:datafield><marc:datafield tag="954" ind1=" " ind2=" "><marc:subfield code="a">118</marc:subfield><marc:subfield code="b">741348144</marc:subfield><marc:subfield code="c">06</marc:subfield><marc:subfield code="f">DE-Mag</marc:subfield><marc:subfield code="d">D20479 &lt;2-4&gt;</marc:subfield><marc:subfield code="e">u</marc:subfield><marc:subfield code="k">CD-ROM</marc:subfield><marc:subfield code="x">3329</marc:subfield></marc:datafield><marc:datafield tag="954" ind1=" " ind2=" "><marc:subfield code="a">136</marc:subfield><marc:subfield code="b">548272204</marc:subfield><marc:subfield code="c">01</marc:subfield><marc:subfield code="d">2002 A 1153</marc:subfield><marc:subfield code="e">u</marc:subfield><marc:subfield code="x">3526</marc:subfield></marc:datafield><marc:datafield tag="954" ind1=" " ind2=" "><marc:subfield code="a">150</marc:subfield><marc:subfield code="b">542037858</marc:subfield><marc:subfield code="c">01</marc:subfield><marc:subfield code="f">Mag1</marc:subfield><marc:subfield code="d">54.51,97-02/00001</marc:subfield><marc:subfield code="e">u</marc:subfield><marc:subfield code="x">3406</marc:subfield></marc:datafield><marc:datafield tag="954" ind1=" " ind2=" "><marc:subfield code="a">213</marc:subfield><marc:subfield code="b">553227408</marc:subfield><marc:subfield code="c">01</marc:subfield><marc:subfield code="d">IN 661-112</marc:subfield><marc:subfield code="e">u</marc:subfield><marc:subfield code="x">0551</marc:subfield></marc:datafield></marc:record>