
<marc:record><marc:leader>02607nam a2200637 c 4500</marc:leader>
<marc:controlfield tag="001">332838315</marc:controlfield>
<marc:controlfield tag="003">DE-601</marc:controlfield><marc:controlfield tag="005">20121231044359.0</marc:controlfield><marc:controlfield tag="008">010815s2001    gw            000 0 ger d</marc:controlfield><marc:datafield tag="015" ind1=" " ind2=" "><marc:subfield code="a">01N350524</marc:subfield><marc:subfield code="2">dnb</marc:subfield></marc:datafield><marc:datafield tag="015" ind1=" " ind2=" "><marc:subfield code="a">01A420762</marc:subfield><marc:subfield code="2">dnb</marc:subfield></marc:datafield><marc:datafield tag="016" ind1="7" ind2=" "><marc:subfield code="a">962107816</marc:subfield><marc:subfield code="2">DE-101</marc:subfield></marc:datafield><marc:datafield tag="020" ind1=" " ind2=" "><marc:subfield code="a">3898421686 (Pp.)</marc:subfield><marc:subfield code="c">DM 69.90, EUR 34.90 (ab 1.1.2002)</marc:subfield><marc:subfield code="9">3-89842-168-6</marc:subfield></marc:datafield><marc:datafield tag="035" ind1=" " ind2=" "><marc:subfield code="a">(OCoLC)76258254</marc:subfield></marc:datafield><marc:datafield tag="040" ind1=" " ind2=" "><marc:subfield code="a">GBVCP</marc:subfield><marc:subfield code="b">ger</marc:subfield><marc:subfield code="c">GBVCP</marc:subfield><marc:subfield code="e">rakwb</marc:subfield></marc:datafield><marc:datafield tag="041" ind1="1" ind2=" "><marc:subfield code="a">ger</marc:subfield><marc:subfield code="h">eng</marc:subfield></marc:datafield><marc:datafield tag="084" ind1=" " ind2=" "><marc:subfield code="a">28</marc:subfield><marc:subfield code="2">sdnb</marc:subfield></marc:datafield><marc:datafield tag="084" ind1=" " ind2=" "><marc:subfield code="a">54.53</marc:subfield><marc:subfield code="9">Programmiersprachen</marc:subfield><marc:subfield code="2">bcl</marc:subfield></marc:datafield><marc:datafield tag="084" ind1=" " ind2=" "><marc:subfield code="a">ST 250</marc:subfield><marc:subfield code="2">rvk</marc:subfield></marc:datafield><marc:datafield tag="084" ind1=" " ind2=" "><marc:subfield code="a">ST 260</marc:subfield><marc:subfield code="2">rvk</marc:subfield></marc:datafield><marc:datafield tag="100" ind1="1" ind2=" "><marc:subfield code="a">Johnson, Andrew L.</marc:subfield></marc:datafield><marc:datafield tag="240" ind1="1" ind2="0"><marc:subfield code="a">Elements of programming with Pearl &lt;dt.&gt;</marc:subfield></marc:datafield><marc:datafield tag="245" ind1="1" ind2="0"><marc:subfield code="a">Perl</marc:subfield><marc:subfield code="b">der Einstieg</marc:subfield><marc:subfield code="c">Andrew L. Johnson. [Übers. Ingrid Tokar]</marc:subfield></marc:datafield><marc:datafield tag="250" ind1=" " ind2=" "><marc:subfield code="a">1. Aufl</marc:subfield></marc:datafield><marc:datafield tag="260" ind1="3" ind2=" "><marc:subfield code="a">Bonn</marc:subfield><marc:subfield code="b">Galileo Press</marc:subfield><marc:subfield code="c">2001</marc:subfield></marc:datafield><marc:datafield tag="300" ind1=" " ind2=" "><marc:subfield code="a">442 S</marc:subfield><marc:subfield code="b">graph. Darst</marc:subfield></marc:datafield><marc:datafield tag="490" ind1="0" ind2=" "><marc:subfield code="a">Galileo computing</marc:subfield></marc:datafield><marc:datafield tag="650" ind1=" " ind2="7"><marc:subfield code="0">(DE-601)123519713</marc:subfield><marc:subfield code="0">(DE-588)4307836-9</marc:subfield><marc:subfield code="a">Perl</marc:subfield><marc:subfield code="9">g:Programmiersprache</marc:subfield><marc:subfield code="2">gnd</marc:subfield></marc:datafield><marc:datafield tag="650" ind1=" " ind2="7"><marc:subfield code="0">(DE-601)123519713</marc:subfield><marc:subfield code="0">(DE-588)4307836-9</marc:subfield><marc:subfield code="a">Perl</marc:subfield><marc:subfield code="9">g:Programmiersprache</marc:subfield><marc:subfield code="2">gbv</marc:subfield></marc:datafield><marc:datafield tag="653" ind1=" " ind2="7"><marc:subfield code="a">30m</marc:subfield><marc:subfield code="2">gnd</marc:subfield></marc:datafield><marc:datafield tag="689" ind1="0" ind2="0"><marc:subfield code="0">(DE-601)123519713</marc:subfield><marc:subfield code="0">(DE-588)4307836-9</marc:subfield><marc:subfield code="a">Perl</marc:subfield><marc:subfield code="9">g:Programmiersprache</marc:subfield></marc:datafield><marc:datafield tag="900" ind1=" " ind2=" "><marc:subfield code="a">GBV</marc:subfield><marc:subfield code="b">SUB Bremen &lt;46&gt;</marc:subfield><marc:subfield code="d">!TB BHV! com 433.18/14</marc:subfield><marc:subfield code="x">L</marc:subfield><marc:subfield code="z">LC</marc:subfield></marc:datafield><marc:datafield tag="900" ind1=" " ind2=" "><marc:subfield code="a">GBV</marc:subfield><marc:subfield code="b">UB Ilmenau &lt;Ilm 1&gt;</marc:subfield><marc:subfield code="d">!53! INF ST 250 P30 J66</marc:subfield><marc:subfield code="x">L</marc:subfield><marc:subfield code="z">LC</marc:subfield></marc:datafield><marc:datafield tag="900" ind1=" " ind2=" "><marc:subfield code="a">GBV</marc:subfield><marc:subfield code="b">HAW Hamburg</marc:subfield><marc:subfield code="d">!18/302! Dat 346 PER 20</marc:subfield><marc:subfield code="x">N</marc:subfield><marc:subfield code="z">N</marc:subfield></marc:datafield><marc:datafield tag="900" ind1=" " ind2=" "><marc:subfield code="a">GBV</marc:subfield><marc:subfield code="b">UB Rostock &lt;28&gt;</marc:subfield><marc:subfield code="d">!28/BB1! ST 250 P30 J66</marc:subfield><marc:subfield code="x">L</marc:subfield><marc:subfield code="z">LC</marc:subfield></marc:datafield><marc:datafield tag="900" ind1=" " ind2=" "><marc:subfield code="a">GBV</marc:subfield><marc:subfield code="b">TIB/UB Hannover &lt;89&gt;</marc:subfield><marc:subfield code="d">T 01 B 5149</marc:subfield><marc:subfield code="x">L</marc:subfield><marc:subfield code="z">LC</marc:subfield></marc:datafield><marc:datafield tag="900" ind1=" " ind2=" "><marc:subfield code="a">GBV</marc:subfield><marc:subfield code="b">LBMV Schwerin &lt;33&gt;</marc:subfield><marc:subfield code="d">!FH! 38 A 392</marc:subfield><marc:subfield code="x">L</marc:subfield><marc:subfield code="z">LC</marc:subfield><marc:subfield code="d">54.53</marc:subfield></marc:datafield><marc:datafield tag="900" ind1=" " ind2=" "><marc:subfield code="a">GBV</marc:subfield><marc:subfield code="b">HS Wismar &lt;Wis 1&gt;</marc:subfield><marc:subfield code="d">2001 A 2820</marc:subfield><marc:subfield code="x">L</marc:subfield><marc:subfield code="z">LC</marc:subfield><marc:subfield code="d">2001 A 2820 a</marc:subfield><marc:subfield code="x">L</marc:subfield><marc:subfield code="z">LC</marc:subfield></marc:datafield><marc:datafield tag="900" ind1=" " ind2=" "><marc:subfield code="a">GBV</marc:subfield><marc:subfield code="b">Hochschule Hannover &lt;960&gt;</marc:subfield><marc:subfield code="d">!Z! EDV 3210-PER /664</marc:subfield><marc:subfield code="x">L</marc:subfield><marc:subfield code="z">LC</marc:subfield><marc:subfield code="s">960/1</marc:subfield></marc:datafield><marc:datafield tag="900" ind1=" " ind2=" "><marc:subfield code="a">GBV</marc:subfield><marc:subfield code="b">FH Stralsund &lt;Sra 5&gt;</marc:subfield><marc:subfield code="d">ST 250 P30 J66</marc:subfield><marc:subfield code="x">L</marc:subfield><marc:subfield code="z">LC</marc:subfield></marc:datafield><marc:datafield tag="950" ind1=" " ind2=" "><marc:subfield code="a">Perl &lt;Programmiersprache&gt;</marc:subfield><marc:subfield code="2">136</marc:subfield></marc:datafield><marc:datafield tag="951" ind1=" " ind2=" "><marc:subfield code="a">com 433.18</marc:subfield><marc:subfield code="2">21</marc:subfield></marc:datafield><marc:datafield tag="951" ind1=" " ind2=" "><marc:subfield code="a">ST 250 P30</marc:subfield><marc:subfield code="2">32</marc:subfield></marc:datafield><marc:datafield tag="951" ind1=" " ind2=" "><marc:subfield code="a">DAT 346 PER</marc:subfield><marc:subfield code="2">34</marc:subfield></marc:datafield><marc:datafield tag="951" ind1=" " ind2=" "><marc:subfield code="a">F:A4d.hh5</marc:subfield><marc:subfield code="2">136</marc:subfield></marc:datafield><marc:datafield tag="951" ind1=" " ind2=" "><marc:subfield code="a">ST 250 P30</marc:subfield><marc:subfield code="2">185</marc:subfield></marc:datafield><marc:datafield tag="954" ind1=" " ind2=" "><marc:subfield code="a">21</marc:subfield><marc:subfield code="b">520758072</marc:subfield><marc:subfield code="c">01</marc:subfield><marc:subfield code="f">TB BHV</marc:subfield><marc:subfield code="d">com 433.18/14</marc:subfield><marc:subfield code="e">u</marc:subfield><marc:subfield code="x">0046</marc:subfield></marc:datafield><marc:datafield tag="954" ind1=" " ind2=" "><marc:subfield code="a">32</marc:subfield><marc:subfield code="b">542074478</marc:subfield><marc:subfield code="c">01</marc:subfield><marc:subfield code="f">53</marc:subfield><marc:subfield code="d">INF ST 250 P30 J66</marc:subfield><marc:subfield code="e">u</marc:subfield><marc:subfield code="x">3400</marc:subfield></marc:datafield><marc:datafield tag="954" ind1=" " ind2=" "><marc:subfield code="a">34</marc:subfield><marc:subfield code="b">522719422</marc:subfield><marc:subfield code="c">01</marc:subfield><marc:subfield code="f">18/302</marc:subfield><marc:subfield code="d">Dat 346 PER 20</marc:subfield><marc:subfield code="e">c</marc:subfield><marc:subfield code="x">3551</marc:subfield></marc:datafield><marc:datafield tag="954" ind1=" " ind2=" "><marc:subfield code="a">62</marc:subfield><marc:subfield code="b">530877368</marc:subfield><marc:subfield code="c">01</marc:subfield><marc:subfield code="f">28/BB1</marc:subfield><marc:subfield code="d">ST 250 P30 J66</marc:subfield><marc:subfield code="e">u</marc:subfield><marc:subfield code="x">0028</marc:subfield></marc:datafield><marc:datafield tag="954" ind1=" " ind2=" "><marc:subfield code="a">70</marc:subfield><marc:subfield code="b">516198130</marc:subfield><marc:subfield code="c">01</marc:subfield><marc:subfield code="d">T 01 B 5149</marc:subfield><marc:subfield code="e">u</marc:subfield><marc:subfield code="x">0089</marc:subfield></marc:datafield><marc:datafield tag="954" ind1=" " ind2=" "><marc:subfield code="a">92</marc:subfield><marc:subfield code="b">534905277</marc:subfield><marc:subfield code="c">01</marc:subfield><marc:subfield code="f">FH</marc:subfield><marc:subfield code="d">38 A 392</marc:subfield><marc:subfield code="e">u</marc:subfield><marc:subfield code="d">54.53</marc:subfield><marc:subfield code="x">0033</marc:subfield></marc:datafield><marc:datafield tag="954" ind1=" " ind2=" "><marc:subfield code="a">136</marc:subfield><marc:subfield code="b">531203883</marc:subfield><marc:subfield code="c">01</marc:subfield><marc:subfield code="d">2001 A 2820</marc:subfield><marc:subfield code="e">u</marc:subfield><marc:subfield code="x">3526</marc:subfield></marc:datafield><marc:datafield tag="954" ind1=" " ind2=" "><marc:subfield code="a">136</marc:subfield><marc:subfield code="b">553647067</marc:subfield><marc:subfield code="c">02</marc:subfield><marc:subfield code="d">2001 A 2820 a</marc:subfield><marc:subfield code="e">u</marc:subfield><marc:subfield code="x">3526</marc:subfield></marc:datafield><marc:datafield tag="954" ind1=" " ind2=" "><marc:subfield code="a">161</marc:subfield><marc:subfield code="b">518431177</marc:subfield><marc:subfield code="c">01</marc:subfield><marc:subfield code="f">Z</marc:subfield><marc:subfield code="d">EDV 3210-PER /664</marc:subfield><marc:subfield code="e">u</marc:subfield><marc:subfield code="x">960/1</marc:subfield></marc:datafield><marc:datafield tag="954" ind1=" " ind2=" "><marc:subfield code="a">185</marc:subfield><marc:subfield code="b">515436577</marc:subfield><marc:subfield code="c">01</marc:subfield><marc:subfield code="d">ST 250 P30 J66</marc:subfield><marc:subfield code="e">u</marc:subfield><marc:subfield code="x">3519</marc:subfield></marc:datafield></marc:record>