
<marc:record><marc:leader>03523nam a2200757 c 4500</marc:leader>
<marc:controlfield tag="001">330169300</marc:controlfield>
<marc:controlfield tag="003">DE-601</marc:controlfield><marc:controlfield tag="005">20130313014307.0</marc:controlfield><marc:controlfield tag="008">010608s2001    gw            000 0 ger d</marc:controlfield><marc:datafield tag="020" ind1=" " ind2=" "><marc:subfield code="a">3772371248</marc:subfield><marc:subfield code="9">3-7723-7124-8</marc:subfield></marc:datafield><marc:datafield tag="035" ind1=" " ind2=" "><marc:subfield code="a">(OCoLC)76244636</marc:subfield></marc:datafield><marc:datafield tag="035" ind1=" " ind2=" "><marc:subfield code="a">(DE-599)GBV330169300</marc:subfield></marc:datafield><marc:datafield tag="040" ind1=" " ind2=" "><marc:subfield code="a">GBVCP</marc:subfield><marc:subfield code="b">ger</marc:subfield><marc:subfield code="c">GBVCP</marc:subfield><marc:subfield code="e">rakwb</marc:subfield></marc:datafield><marc:datafield tag="041" ind1="0" ind2=" "><marc:subfield code="a">ger</marc:subfield></marc:datafield><marc:datafield tag="084" ind1=" " ind2=" "><marc:subfield code="a">28</marc:subfield><marc:subfield code="2">sdnb</marc:subfield></marc:datafield><marc:datafield tag="084" ind1=" " ind2=" "><marc:subfield code="a">ST 261 U61</marc:subfield><marc:subfield code="2">rvk</marc:subfield></marc:datafield><marc:datafield tag="100" ind1="1" ind2=" "><marc:subfield code="a">Cuber, Ulrich</marc:subfield></marc:datafield><marc:datafield tag="245" ind1="1" ind2="0"><marc:subfield code="a">Linux Scripting</marc:subfield><marc:subfield code="b">Shellprogrammierung, Scripting mit awk, Programmiertechniken in PERL, Tcl/Tk</marc:subfield><marc:subfield code="c">Ulrich Cuber. Hrsg. Haselier/Fahnenstich</marc:subfield></marc:datafield><marc:datafield tag="260" ind1="3" ind2=" "><marc:subfield code="a">Poing</marc:subfield><marc:subfield code="b">Franzis</marc:subfield><marc:subfield code="c">2001</marc:subfield></marc:datafield><marc:datafield tag="300" ind1=" " ind2=" "><marc:subfield code="a">438 S</marc:subfield><marc:subfield code="b">graph. Darst</marc:subfield><marc:subfield code="e">1 CD-ROM</marc:subfield></marc:datafield><marc:datafield tag="490" ind1="0" ind2=" "><marc:subfield code="a">Professional series</marc:subfield></marc:datafield><marc:datafield tag="500" ind1=" " ind2=" "><marc:subfield code="a">CD-ROM-Beil. u.d.T.: Evaluation-Version SuSE Linux 7.2</marc:subfield></marc:datafield><marc:datafield tag="650" ind1=" " ind2="7"><marc:subfield code="0">(DE-601)152295526</marc:subfield><marc:subfield code="0">(DE-588)4337730-0</marc:subfield><marc:subfield code="a">LINUX</marc:subfield><marc:subfield code="2">gnd</marc:subfield></marc:datafield><marc:datafield tag="650" ind1=" " ind2="7"><marc:subfield code="0">(DE-601)241446074</marc:subfield><marc:subfield code="0">(DE-588)4492523-2</marc:subfield><marc:subfield code="a">bash</marc:subfield><marc:subfield code="2">gnd</marc:subfield></marc:datafield><marc:datafield tag="650" ind1=" " ind2="7"><marc:subfield code="0">(DE-601)152295526</marc:subfield><marc:subfield code="0">(DE-588)4337730-0</marc:subfield><marc:subfield code="a">LINUX</marc:subfield><marc:subfield code="2">gnd</marc:subfield></marc:datafield><marc:datafield tag="650" ind1=" " ind2="7"><marc:subfield code="0">(DE-601)123519713</marc:subfield><marc:subfield code="0">(DE-588)4307836-9</marc:subfield><marc:subfield code="a">Perl</marc:subfield><marc:subfield code="9">g:Programmiersprache</marc:subfield><marc:subfield code="2">gnd</marc:subfield></marc:datafield><marc:datafield tag="650" ind1=" " ind2="7"><marc:subfield code="0">(DE-601)152295526</marc:subfield><marc:subfield code="0">(DE-588)4337730-0</marc:subfield><marc:subfield code="a">LINUX</marc:subfield><marc:subfield code="2">gbv</marc:subfield></marc:datafield><marc:datafield tag="650" ind1=" " ind2="7"><marc:subfield code="0">(DE-601)241446074</marc:subfield><marc:subfield code="0">(DE-588)4492523-2</marc:subfield><marc:subfield code="a">bash</marc:subfield><marc:subfield code="2">gbv</marc:subfield></marc:datafield><marc:datafield tag="650" ind1=" " ind2="7"><marc:subfield code="0">(DE-601)152295526</marc:subfield><marc:subfield code="0">(DE-588)4337730-0</marc:subfield><marc:subfield code="a">LINUX</marc:subfield><marc:subfield code="2">gbv</marc:subfield></marc:datafield><marc:datafield tag="650" ind1=" " ind2="7"><marc:subfield code="0">(DE-601)123519713</marc:subfield><marc:subfield code="0">(DE-588)4307836-9</marc:subfield><marc:subfield code="a">Perl</marc:subfield><marc:subfield code="9">g:Programmiersprache</marc:subfield><marc:subfield code="2">gbv</marc:subfield></marc:datafield><marc:datafield tag="653" ind1=" " ind2="7"><marc:subfield code="a">30m</marc:subfield><marc:subfield code="2">gnd</marc:subfield></marc:datafield><marc:datafield tag="653" ind1=" " ind2="7"><marc:subfield code="a">30m</marc:subfield><marc:subfield code="2">gnd</marc:subfield></marc:datafield><marc:datafield tag="689" ind1="0" ind2="0"><marc:subfield code="0">(DE-601)152295526</marc:subfield><marc:subfield code="0">(DE-588)4337730-0</marc:subfield><marc:subfield code="a">LINUX</marc:subfield></marc:datafield><marc:datafield tag="689" ind1="0" ind2="1"><marc:subfield code="0">(DE-601)241446074</marc:subfield><marc:subfield code="0">(DE-588)4492523-2</marc:subfield><marc:subfield code="a">bash</marc:subfield></marc:datafield><marc:datafield tag="689" ind1="1" ind2="0"><marc:subfield code="0">(DE-601)152295526</marc:subfield><marc:subfield code="0">(DE-588)4337730-0</marc:subfield><marc:subfield code="a">LINUX</marc:subfield></marc:datafield><marc:datafield tag="689" ind1="1" ind2="1"><marc:subfield code="0">(DE-601)123519713</marc:subfield><marc:subfield code="0">(DE-588)4307836-9</marc:subfield><marc:subfield code="a">Perl</marc:subfield><marc:subfield code="9">g:Programmiersprache</marc:subfield></marc:datafield><marc:datafield tag="700" ind1="3" ind2=" "><marc:subfield code="a">Haselier</marc:subfield></marc:datafield><marc:datafield tag="700" ind1="3" ind2=" "><marc:subfield code="a">Fahnenstich</marc:subfield></marc:datafield><marc:datafield tag="900" ind1=" " ind2=" "><marc:subfield code="a">GBV</marc:subfield><marc:subfield code="b">UB Braunschweig &lt;84&gt;</marc:subfield><marc:subfield code="d">!LS1! CS K 413 (Hauptband)</marc:subfield><marc:subfield code="x">L</marc:subfield><marc:subfield code="z">LC</marc:subfield><marc:subfield code="d">2808-5476</marc:subfield><marc:subfield code="x">L</marc:subfield><marc:subfield code="z">LC</marc:subfield><marc:subfield code="f">Buch</marc:subfield><marc:subfield code="d">!FV! CS K 413 (CD-ROM)</marc:subfield><marc:subfield code="x">L</marc:subfield><marc:subfield code="z">LC</marc:subfield><marc:subfield code="d">2808-5476</marc:subfield><marc:subfield code="x">L</marc:subfield><marc:subfield code="z">LC</marc:subfield><marc:subfield code="f">CD-ROM</marc:subfield><marc:subfield code="d">!LC! 1001 0706 2058</marc:subfield><marc:subfield code="x">N</marc:subfield><marc:subfield code="z">N</marc:subfield></marc:datafield><marc:datafield tag="900" ind1=" " ind2=" "><marc:subfield code="a">GBV</marc:subfield><marc:subfield code="b">UB Ilmenau &lt;Ilm 1&gt;</marc:subfield><marc:subfield code="d">!53! INF ST 261 U61 C962 L7</marc:subfield><marc:subfield code="x">L</marc:subfield><marc:subfield code="z">LC</marc:subfield><marc:subfield code="d">!53! INF ST 261 U61 C962 L7+2</marc:subfield><marc:subfield code="x">L</marc:subfield><marc:subfield code="z">LC</marc:subfield><marc:subfield code="d">!53! INF ST 261 U61 C962 L7+3</marc:subfield><marc:subfield code="x">L</marc:subfield><marc:subfield code="z">LC</marc:subfield></marc:datafield><marc:datafield tag="900" ind1=" " ind2=" "><marc:subfield code="a">GBV</marc:subfield><marc:subfield code="b">TIB/UB Hannover &lt;89&gt;</marc:subfield><marc:subfield code="d">T 01 B 4617</marc:subfield><marc:subfield code="x">L</marc:subfield><marc:subfield code="z">LC</marc:subfield></marc:datafield><marc:datafield tag="900" ind1=" " ind2=" "><marc:subfield code="a">GBV</marc:subfield><marc:subfield code="b">HS Wismar &lt;Wis 1&gt;</marc:subfield><marc:subfield code="d">!LBS-I!  2001 A 2731</marc:subfield><marc:subfield code="x">L</marc:subfield><marc:subfield code="z">LC</marc:subfield><marc:subfield code="d">!LBS-I!  2001 A 2731 a</marc:subfield><marc:subfield code="x">L</marc:subfield><marc:subfield code="z">LC</marc:subfield><marc:subfield code="d">!LBS-I!  2001 A 2731 b</marc:subfield><marc:subfield code="x">L</marc:subfield><marc:subfield code="z">LC</marc:subfield><marc:subfield code="d">!LBS-I!  2001 A 2731 c</marc:subfield><marc:subfield code="x">L</marc:subfield><marc:subfield code="z">LC</marc:subfield><marc:subfield code="d">!LBS-I!  2001 A 2731 d</marc:subfield><marc:subfield code="x">L</marc:subfield><marc:subfield code="z">LC</marc:subfield></marc:datafield><marc:datafield tag="900" ind1=" " ind2=" "><marc:subfield code="a">GBV</marc:subfield><marc:subfield code="b">FH Stralsund &lt;Sra 5&gt;</marc:subfield><marc:subfield code="d">ST 261 U61 C962</marc:subfield><marc:subfield code="x">L</marc:subfield><marc:subfield code="z">LC</marc:subfield></marc:datafield><marc:datafield tag="950" ind1=" " ind2=" "><marc:subfield code="a">LINUX</marc:subfield><marc:subfield code="2">136</marc:subfield></marc:datafield><marc:datafield tag="950" ind1=" " ind2=" "><marc:subfield code="a">bash</marc:subfield><marc:subfield code="2">136</marc:subfield></marc:datafield><marc:datafield tag="950" ind1=" " ind2=" "><marc:subfield code="a">awk</marc:subfield><marc:subfield code="2">136</marc:subfield></marc:datafield><marc:datafield tag="950" ind1=" " ind2=" "><marc:subfield code="a">Perl &lt;Programmiersprache&gt;</marc:subfield><marc:subfield code="2">136</marc:subfield></marc:datafield><marc:datafield tag="950" ind1=" " ind2=" "><marc:subfield code="a">Tcl</marc:subfield><marc:subfield code="2">136</marc:subfield></marc:datafield><marc:datafield tag="950" ind1=" " ind2=" "><marc:subfield code="a">Tk</marc:subfield><marc:subfield code="2">136</marc:subfield></marc:datafield><marc:datafield tag="951" ind1=" " ind2=" "><marc:subfield code="a">ST 261 U61</marc:subfield><marc:subfield code="2">32</marc:subfield></marc:datafield><marc:datafield tag="951" ind1=" " ind2=" "><marc:subfield code="a">F:A4d.cc</marc:subfield><marc:subfield code="2">136</marc:subfield></marc:datafield><marc:datafield tag="951" ind1=" " ind2=" "><marc:subfield code="a">F:A4d.ff</marc:subfield><marc:subfield code="2">136</marc:subfield></marc:datafield><marc:datafield tag="951" ind1=" " ind2=" "><marc:subfield code="a">ST 261 U61</marc:subfield><marc:subfield code="2">185</marc:subfield></marc:datafield><marc:datafield tag="954" ind1=" " ind2=" "><marc:subfield code="a">20</marc:subfield><marc:subfield code="b">519188845</marc:subfield><marc:subfield code="c">01</marc:subfield><marc:subfield code="f">LS1</marc:subfield><marc:subfield code="d">CS K 413 (Hauptband)</marc:subfield><marc:subfield code="d">2808-5476</marc:subfield><marc:subfield code="k">Buch</marc:subfield><marc:subfield code="x">0084</marc:subfield></marc:datafield><marc:datafield tag="954" ind1=" " ind2=" "><marc:subfield code="a">20</marc:subfield><marc:subfield code="b">534383076</marc:subfield><marc:subfield code="c">02</marc:subfield><marc:subfield code="f">FV</marc:subfield><marc:subfield code="d">CS K 413 (CD-ROM)</marc:subfield><marc:subfield code="d">2808-5476</marc:subfield><marc:subfield code="k">CD-ROM</marc:subfield><marc:subfield code="x">0084</marc:subfield></marc:datafield><marc:datafield tag="954" ind1=" " ind2=" "><marc:subfield code="a">20</marc:subfield><marc:subfield code="b">805940855</marc:subfield><marc:subfield code="c">03</marc:subfield><marc:subfield code="f">LC</marc:subfield><marc:subfield code="d">1001 0706 2058</marc:subfield><marc:subfield code="e">i</marc:subfield><marc:subfield code="x">0084</marc:subfield></marc:datafield><marc:datafield tag="954" ind1=" " ind2=" "><marc:subfield code="a">32</marc:subfield><marc:subfield code="b">52975780X</marc:subfield><marc:subfield code="c">01</marc:subfield><marc:subfield code="f">53</marc:subfield><marc:subfield code="d">INF ST 261 U61 C962 L7</marc:subfield><marc:subfield code="e">u</marc:subfield><marc:subfield code="x">3400</marc:subfield></marc:datafield><marc:datafield tag="954" ind1=" " ind2=" "><marc:subfield code="a">32</marc:subfield><marc:subfield code="b">55619344X</marc:subfield><marc:subfield code="c">02</marc:subfield><marc:subfield code="f">53</marc:subfield><marc:subfield code="d">INF ST 261 U61 C962 L7+2</marc:subfield><marc:subfield code="e">u</marc:subfield><marc:subfield code="x">3400</marc:subfield></marc:datafield><marc:datafield tag="954" ind1=" " ind2=" "><marc:subfield code="a">32</marc:subfield><marc:subfield code="b">557535549</marc:subfield><marc:subfield code="c">03</marc:subfield><marc:subfield code="f">53</marc:subfield><marc:subfield code="d">INF ST 261 U61 C962 L7+3</marc:subfield><marc:subfield code="e">u</marc:subfield><marc:subfield code="x">3400</marc:subfield></marc:datafield><marc:datafield tag="954" ind1=" " ind2=" "><marc:subfield code="a">70</marc:subfield><marc:subfield code="b">507708881</marc:subfield><marc:subfield code="c">01</marc:subfield><marc:subfield code="d">T 01 B 4617</marc:subfield><marc:subfield code="e">u</marc:subfield><marc:subfield code="x">0089</marc:subfield></marc:datafield><marc:datafield tag="954" ind1=" " ind2=" "><marc:subfield code="a">136</marc:subfield><marc:subfield code="b">528427385</marc:subfield><marc:subfield code="c">01</marc:subfield><marc:subfield code="f">LBS-I</marc:subfield><marc:subfield code="d"> 2001 A 2731</marc:subfield><marc:subfield code="e">u</marc:subfield><marc:subfield code="x">3526</marc:subfield></marc:datafield><marc:datafield tag="954" ind1=" " ind2=" "><marc:subfield code="a">136</marc:subfield><marc:subfield code="b">541883283</marc:subfield><marc:subfield code="c">02</marc:subfield><marc:subfield code="f">LBS-I</marc:subfield><marc:subfield code="d"> 2001 A 2731 a</marc:subfield><marc:subfield code="e">u</marc:subfield><marc:subfield code="x">3526</marc:subfield></marc:datafield><marc:datafield tag="954" ind1=" " ind2=" "><marc:subfield code="a">136</marc:subfield><marc:subfield code="b">541883291</marc:subfield><marc:subfield code="c">03</marc:subfield><marc:subfield code="f">LBS-I</marc:subfield><marc:subfield code="d"> 2001 A 2731 b</marc:subfield><marc:subfield code="e">u</marc:subfield><marc:subfield code="x">3526</marc:subfield></marc:datafield><marc:datafield tag="954" ind1=" " ind2=" "><marc:subfield code="a">136</marc:subfield><marc:subfield code="b">541883305</marc:subfield><marc:subfield code="c">04</marc:subfield><marc:subfield code="f">LBS-I</marc:subfield><marc:subfield code="d"> 2001 A 2731 c</marc:subfield><marc:subfield code="e">u</marc:subfield><marc:subfield code="x">3526</marc:subfield></marc:datafield><marc:datafield tag="954" ind1=" " ind2=" "><marc:subfield code="a">136</marc:subfield><marc:subfield code="b">541883313</marc:subfield><marc:subfield code="c">05</marc:subfield><marc:subfield code="f">LBS-I</marc:subfield><marc:subfield code="d"> 2001 A 2731 d</marc:subfield><marc:subfield code="e">u</marc:subfield><marc:subfield code="x">3526</marc:subfield></marc:datafield><marc:datafield tag="954" ind1=" " ind2=" "><marc:subfield code="a">185</marc:subfield><marc:subfield code="b">514921382</marc:subfield><marc:subfield code="c">01</marc:subfield><marc:subfield code="d">ST 261 U61 C962</marc:subfield><marc:subfield code="e">u</marc:subfield><marc:subfield code="x">3519</marc:subfield></marc:datafield></marc:record>