
<marc:record><marc:leader>02824nam a2200589 c 4500</marc:leader>
<marc:controlfield tag="001">329328263</marc:controlfield>
<marc:controlfield tag="003">DE-601</marc:controlfield><marc:controlfield tag="005">20130409014942.0</marc:controlfield><marc:controlfield tag="008">010517s2001    gw            000 0 ger d</marc:controlfield><marc:datafield tag="020" ind1=" " ind2=" "><marc:subfield code="a">3828710840 (kart.)</marc:subfield><marc:subfield code="c">DM 19.80</marc:subfield><marc:subfield code="9">3-8287-1084-0</marc:subfield></marc:datafield><marc:datafield tag="035" ind1=" " ind2=" "><marc:subfield code="a">(OCoLC)247883309</marc:subfield></marc:datafield><marc:datafield tag="035" ind1=" " ind2=" "><marc:subfield code="a">(DE-599)GBV329328263</marc:subfield></marc:datafield><marc:datafield tag="040" ind1=" " ind2=" "><marc:subfield code="a">GBVCP</marc:subfield><marc:subfield code="b">ger</marc:subfield><marc:subfield code="c">GBVCP</marc:subfield><marc:subfield code="e">rakwb</marc:subfield></marc:datafield><marc:datafield tag="041" ind1="0" ind2=" "><marc:subfield code="a">ger</marc:subfield></marc:datafield><marc:datafield tag="084" ind1=" " ind2=" "><marc:subfield code="a">28</marc:subfield><marc:subfield code="2">sdnb</marc:subfield></marc:datafield><marc:datafield tag="084" ind1=" " ind2=" "><marc:subfield code="a">54.53</marc:subfield><marc:subfield code="9">Programmiersprachen</marc:subfield><marc:subfield code="2">bcl</marc:subfield></marc:datafield><marc:datafield tag="100" ind1="1" ind2=" "><marc:subfield code="a">Lindhorst, Arno</marc:subfield></marc:datafield><marc:datafield tag="245" ind1="1" ind2="4"><marc:subfield code="a">Das Einsteigerseminar CGI-Scriptprogrammierung</marc:subfield><marc:subfield code="b">[der methodische und ausführliche Einstieg ; über 280 Seiten Einsteiger-Know-how]</marc:subfield><marc:subfield code="c">Arno Lindhorst</marc:subfield></marc:datafield><marc:datafield tag="246" ind1="3" ind2=" "><marc:subfield code="a">CGI-Scriptprogrammierung</marc:subfield></marc:datafield><marc:datafield tag="250" ind1=" " ind2=" "><marc:subfield code="a">1. Aufl., [Nachdr.]</marc:subfield></marc:datafield><marc:datafield tag="260" ind1="3" ind2=" "><marc:subfield code="a">Kaarst</marc:subfield><marc:subfield code="b">bhv</marc:subfield><marc:subfield code="c">2001</marc:subfield></marc:datafield><marc:datafield tag="300" ind1=" " ind2=" "><marc:subfield code="a">276 S</marc:subfield><marc:subfield code="b">Ill., graph. Darst</marc:subfield><marc:subfield code="c">21 cm</marc:subfield></marc:datafield><marc:datafield tag="490" ind1="0" ind2=" "><marc:subfield code="a">Das Einsteigerseminar</marc:subfield></marc:datafield><marc:datafield tag="650" ind1=" " ind2="7"><marc:subfield code="0">(DE-601)222531991</marc:subfield><marc:subfield code="0">(DE-588)4435301-7</marc:subfield><marc:subfield code="a">CGI</marc:subfield><marc:subfield code="9">g:Gateway</marc:subfield><marc:subfield code="2">gnd</marc:subfield></marc:datafield><marc:datafield tag="650" ind1=" " ind2="7"><marc:subfield code="0">(DE-601)222339799</marc:subfield><marc:subfield code="0">(DE-588)4431858-3</marc:subfield><marc:subfield code="a">Skript</marc:subfield><marc:subfield code="9">g:Programm</marc:subfield><marc:subfield code="2">gnd</marc:subfield></marc:datafield><marc:datafield tag="650" ind1=" " ind2="7"><marc:subfield code="0">(DE-601)106083031</marc:subfield><marc:subfield code="0">(DE-588)4076370-5</marc:subfield><marc:subfield code="a">Programmierung</marc:subfield><marc:subfield code="2">gnd</marc:subfield></marc:datafield><marc:datafield tag="650" ind1=" " ind2="7"><marc:subfield code="0">(DE-601)222531991</marc:subfield><marc:subfield code="0">(DE-588)4435301-7</marc:subfield><marc:subfield code="a">CGI</marc:subfield><marc:subfield code="9">g:Gateway</marc:subfield><marc:subfield code="2">gnd</marc:subfield></marc:datafield><marc:datafield tag="650" ind1=" " ind2="7"><marc:subfield code="0">(DE-601)222339799</marc:subfield><marc:subfield code="0">(DE-588)4431858-3</marc:subfield><marc:subfield code="a">Skript</marc:subfield><marc:subfield code="9">g:Programm</marc:subfield><marc:subfield code="2">gnd</marc:subfield></marc:datafield><marc:datafield tag="650" ind1=" " ind2="7"><marc:subfield code="0">(DE-601)123519713</marc:subfield><marc:subfield code="0">(DE-588)4307836-9</marc:subfield><marc:subfield code="a">Perl</marc:subfield><marc:subfield code="9">g:Programmiersprache</marc:subfield><marc:subfield code="2">gnd</marc:subfield></marc:datafield><marc:datafield tag="650" ind1=" " ind2="7"><marc:subfield code="0">(DE-601)184093600</marc:subfield><marc:subfield code="0">(DE-588)4373477-7</marc:subfield><marc:subfield code="a">HTML</marc:subfield><marc:subfield code="2">gnd</marc:subfield></marc:datafield><marc:datafield tag="650" ind1=" " ind2="7"><marc:subfield code="0">(DE-601)222531991</marc:subfield><marc:subfield code="0">(DE-588)4435301-7</marc:subfield><marc:subfield code="a">CGI</marc:subfield><marc:subfield code="9">g:Gateway</marc:subfield><marc:subfield code="2">gbv</marc:subfield></marc:datafield><marc:datafield tag="650" ind1=" " ind2="7"><marc:subfield code="0">(DE-601)222339799</marc:subfield><marc:subfield code="0">(DE-588)4431858-3</marc:subfield><marc:subfield code="a">Skript</marc:subfield><marc:subfield code="9">g:Programm</marc:subfield><marc:subfield code="2">gbv</marc:subfield></marc:datafield><marc:datafield tag="650" ind1=" " ind2="7"><marc:subfield code="0">(DE-601)106083031</marc:subfield><marc:subfield code="0">(DE-588)4076370-5</marc:subfield><marc:subfield code="a">Programmierung</marc:subfield><marc:subfield code="2">gbv</marc:subfield></marc:datafield><marc:datafield tag="650" ind1=" " ind2="7"><marc:subfield code="0">(DE-601)222531991</marc:subfield><marc:subfield code="0">(DE-588)4435301-7</marc:subfield><marc:subfield code="a">CGI</marc:subfield><marc:subfield code="9">g:Gateway</marc:subfield><marc:subfield code="2">gbv</marc:subfield></marc:datafield><marc:datafield tag="650" ind1=" " ind2="7"><marc:subfield code="0">(DE-601)222339799</marc:subfield><marc:subfield code="0">(DE-588)4431858-3</marc:subfield><marc:subfield code="a">Skript</marc:subfield><marc:subfield code="9">g:Programm</marc:subfield><marc:subfield code="2">gbv</marc:subfield></marc:datafield><marc:datafield tag="650" ind1=" " ind2="7"><marc:subfield code="0">(DE-601)123519713</marc:subfield><marc:subfield code="0">(DE-588)4307836-9</marc:subfield><marc:subfield code="a">Perl</marc:subfield><marc:subfield code="9">g:Programmiersprache</marc:subfield><marc:subfield code="2">gbv</marc:subfield></marc:datafield><marc:datafield tag="650" ind1=" " ind2="7"><marc:subfield code="0">(DE-601)184093600</marc:subfield><marc:subfield code="0">(DE-588)4373477-7</marc:subfield><marc:subfield code="a">HTML</marc:subfield><marc:subfield code="2">gbv</marc:subfield></marc:datafield><marc:datafield tag="689" ind1="0" ind2="0"><marc:subfield code="0">(DE-601)222531991</marc:subfield><marc:subfield code="0">(DE-588)4435301-7</marc:subfield><marc:subfield code="a">CGI</marc:subfield><marc:subfield code="9">g:Gateway</marc:subfield></marc:datafield><marc:datafield tag="689" ind1="0" ind2="1"><marc:subfield code="0">(DE-601)222339799</marc:subfield><marc:subfield code="0">(DE-588)4431858-3</marc:subfield><marc:subfield code="a">Skript</marc:subfield><marc:subfield code="9">g:Programm</marc:subfield></marc:datafield><marc:datafield tag="689" ind1="0" ind2="2"><marc:subfield code="0">(DE-601)106083031</marc:subfield><marc:subfield code="0">(DE-588)4076370-5</marc:subfield><marc:subfield code="a">Programmierung</marc:subfield></marc:datafield><marc:datafield tag="689" ind1="0" ind2=" "><marc:subfield code="5">DE-101</marc:subfield></marc:datafield><marc:datafield tag="689" ind1="1" ind2="0"><marc:subfield code="0">(DE-601)222531991</marc:subfield><marc:subfield code="0">(DE-588)4435301-7</marc:subfield><marc:subfield code="a">CGI</marc:subfield><marc:subfield code="9">g:Gateway</marc:subfield></marc:datafield><marc:datafield tag="689" ind1="1" ind2="1"><marc:subfield code="0">(DE-601)222339799</marc:subfield><marc:subfield code="0">(DE-588)4431858-3</marc:subfield><marc:subfield code="a">Skript</marc:subfield><marc:subfield code="9">g:Programm</marc:subfield></marc:datafield><marc:datafield tag="689" ind1="1" ind2="2"><marc:subfield code="0">(DE-601)123519713</marc:subfield><marc:subfield code="0">(DE-588)4307836-9</marc:subfield><marc:subfield code="a">Perl</marc:subfield><marc:subfield code="9">g:Programmiersprache</marc:subfield></marc:datafield><marc:datafield tag="689" ind1="1" ind2=" "><marc:subfield code="5">DE-101</marc:subfield></marc:datafield><marc:datafield tag="689" ind1="2" ind2="0"><marc:subfield code="0">(DE-601)184093600</marc:subfield><marc:subfield code="0">(DE-588)4373477-7</marc:subfield><marc:subfield code="a">HTML</marc:subfield></marc:datafield><marc:datafield tag="689" ind1="2" ind2=" "><marc:subfield code="5">DE-101</marc:subfield></marc:datafield><marc:datafield tag="856" ind1="4" ind2="2"><marc:subfield code="y">Inhaltsverzeichnis</marc:subfield><marc:subfield code="u">http://www.gbv.de/dms/ilmenau/toc/329328263.PDF</marc:subfield><marc:subfield code="m">V:DE-601;DE-ilm1</marc:subfield><marc:subfield code="3">Inhaltsverzeichnis</marc:subfield></marc:datafield><marc:datafield tag="900" ind1=" " ind2=" "><marc:subfield code="a">GBV</marc:subfield><marc:subfield code="b">UB Ilmenau &lt;Ilm 1&gt;</marc:subfield><marc:subfield code="d">!53! INF ST 250 P30 L745</marc:subfield><marc:subfield code="x">L</marc:subfield><marc:subfield code="z">LC</marc:subfield><marc:subfield code="d">!53! INF ST 250 P30 L745+2</marc:subfield><marc:subfield code="x">L</marc:subfield><marc:subfield code="z">LC</marc:subfield></marc:datafield><marc:datafield tag="951" ind1=" " ind2=" "><marc:subfield code="a">ST 250 P30</marc:subfield><marc:subfield code="2">32</marc:subfield></marc:datafield><marc:datafield tag="954" ind1=" " ind2=" "><marc:subfield code="a">32</marc:subfield><marc:subfield code="b">487660749</marc:subfield><marc:subfield code="c">01</marc:subfield><marc:subfield code="f">53</marc:subfield><marc:subfield code="d">INF ST 250 P30 L745</marc:subfield><marc:subfield code="e">u</marc:subfield><marc:subfield code="x">3400</marc:subfield></marc:datafield><marc:datafield tag="954" ind1=" " ind2=" "><marc:subfield code="a">32</marc:subfield><marc:subfield code="b">488151023</marc:subfield><marc:subfield code="c">02</marc:subfield><marc:subfield code="f">53</marc:subfield><marc:subfield code="d">INF ST 250 P30 L745+2</marc:subfield><marc:subfield code="e">u</marc:subfield><marc:subfield code="x">3400</marc:subfield></marc:datafield></marc:record>