
<marc:record><marc:leader>06491nmm a2200673 c 4500</marc:leader>
<marc:controlfield tag="001">570648726</marc:controlfield>
<marc:controlfield tag="003">DE-601</marc:controlfield><marc:controlfield tag="005">20140925124927.0</marc:controlfield><marc:controlfield tag="007">cr uuu---uuuuu</marc:controlfield><marc:controlfield tag="008">080626s2000                  000 0 eng d</marc:controlfield><marc:datafield tag="010" ind1=" " ind2=" "><marc:subfield code="a">00055799</marc:subfield></marc:datafield><marc:datafield tag="020" ind1=" " ind2=" "><marc:subfield code="a">0596000278</marc:subfield><marc:subfield code="9">0-596-00027-8</marc:subfield></marc:datafield><marc:datafield tag="024" ind1="8" ind2=" "><marc:subfield code="a">BSZT108807592</marc:subfield></marc:datafield><marc:datafield tag="035" ind1=" " ind2=" "><marc:subfield code="a">(DE-576)108807592</marc:subfield></marc:datafield><marc:datafield tag="035" ind1=" " ind2=" "><marc:subfield code="a">(ZBM)0949.68015</marc:subfield></marc:datafield><marc:datafield tag="035" ind1=" " ind2=" "><marc:subfield code="a">EBL540322</marc:subfield></marc:datafield><marc:datafield tag="035" ind1=" " ind2=" "><marc:subfield code="a">(OCoLC)863821355</marc:subfield></marc:datafield><marc:datafield tag="035" ind1=" " ind2=" "><marc:subfield code="a">(DE-599)BSZ108807592</marc:subfield></marc:datafield><marc:datafield tag="040" ind1=" " ind2=" "><marc:subfield code="a">GBVCP</marc:subfield><marc:subfield code="b">ger</marc:subfield><marc:subfield code="c">GBVCP</marc:subfield><marc:subfield code="e">rakwb</marc:subfield></marc:datafield><marc:datafield tag="041" ind1="0" ind2=" "><marc:subfield code="a">eng</marc:subfield></marc:datafield><marc:datafield tag="050" ind1=" " ind2="0"><marc:subfield code="a">QA76.73.P22W35 2000</marc:subfield></marc:datafield><marc:datafield tag="082" ind1="0" ind2="0"><marc:subfield code="a">005.13/3</marc:subfield></marc:datafield><marc:datafield tag="084" ind1=" " ind2=" "><marc:subfield code="a">ST 250</marc:subfield><marc:subfield code="2">rvk</marc:subfield></marc:datafield><marc:datafield tag="084" ind1=" " ind2=" "><marc:subfield code="a">mat</marc:subfield><marc:subfield code="q">DE-601</marc:subfield><marc:subfield code="2">z</marc:subfield></marc:datafield><marc:datafield tag="245" ind1="0" ind2="0"><marc:subfield code="a">Programming Perl</marc:subfield><marc:subfield code="h">Elektronische Ressource</marc:subfield><marc:subfield code="c">Larry Wall; Tom Christiansen; Jon Orwant</marc:subfield></marc:datafield><marc:datafield tag="250" ind1=" " ind2=" "><marc:subfield code="a">3. ed.</marc:subfield></marc:datafield><marc:datafield tag="260" ind1="3" ind2=" "><marc:subfield code="a">Beijing ;Köln [u.a.]</marc:subfield><marc:subfield code="b">O'Reilly</marc:subfield><marc:subfield code="c">2000</marc:subfield></marc:datafield><marc:datafield tag="300" ind1=" " ind2=" "><marc:subfield code="a">Online-Ressource</marc:subfield></marc:datafield><marc:datafield tag="500" ind1=" " ind2=" "><marc:subfield code="a">In: Safari tech books online</marc:subfield></marc:datafield><marc:datafield tag="500" ind1=" " ind2=" "><marc:subfield code="a">Dateiformat: HTML</marc:subfield></marc:datafield><marc:datafield tag="505" ind1="0" ind2=" "><marc:subfield code="a">Table of Contents; Tables; Preface; The Pursuit of Happiness; What's New in This Edition; The Standard Distribution; Online Documentation; Navigating the Standard Manpages; Searching the Manpages; Non-Perl Manpages; Offline Documentation; Additional Resources; Perl on the Web; Usenet Newsgroups; Bug Reports; Conventions Used in This Book; Acknowledgments; We'd Like to Hear from You; Part 1: Overview; Chapter 1: An Overview of Perl; Getting Started; Natural and Artificial Languages; Variable Syntax; Singularities; Pluralities; Complexities; Simplicities; Verbs; An Average Example; How to Do It.</marc:subfield></marc:datafield><marc:datafield tag="505" ind1="0" ind2=" "><marc:subfield code="a">FilehandlesOperators; Some Binary Arithmetic Operators; String Operators; Assignment Operators; Unary Arithmetic Operators; Logical Operators; Some Numeric and String Comparison Operators; Some File Test Operators; Control Structures; What Is Truth?; The if and unless statements; Iterative (Looping) Constructs; The while and until statements; The for statement; The foreach statement; Breaking out: next and last; Regular Expressions; Quantifiers; Minimal Matching; Nailing Things Down; Backreferences; List Processing; What You Don't Know Won't Hur t You(Much); Part 2: The Gory Details.</marc:subfield></marc:datafield><marc:datafield tag="505" ind1="0" ind2=" "><marc:subfield code="a">Chapter 2: Bits and PiecesAtoms; Molecules; Built-in Data Types; Variables; Names; Name Lookups; Scalar Values; Numeric Literals; String Literals; Pick Your Own Quotes; Or Leave the Quotes Out Entirely; Interpolating Array Values; &quot;Here&quot; Documents; V-String Literals; Other Literal Tokens; Context; Scalar and List Context; Boolean Context; Void Context; Interpolative Context; List Values and Arrays; List Assignment; Array Length; Hashes; Typeglobs and Filehandles; Input Operators; Command Input (Backtick) Operator; Line Input (Angle) Operator; Filename Globbing Operator.</marc:subfield></marc:datafield><marc:datafield tag="505" ind1="0" ind2=" "><marc:subfield code="a">Chapter 3: Unary and Binary OperatorsTerms and List Operators (Leftward); The Arrow Operator; Autoincrement and Autodecrement; Exponentiation; Ideographic Unary Operators; Binding Operators; Multiplicative Operators; Additive Operators; Shift Operators; Named Unary and File Test Operators; Relational Operators; Equality Operators; Bitwise Operators; C-Style Logical (Short-Circuit) Operators; Range Operator; Conditional Operator; Assignment Operators; Comma Operators; List Operators (Rightward); Logical and, or, not, and xor; C Operators Missing from Perl.</marc:subfield></marc:datafield><marc:datafield tag="505" ind1="0" ind2=" "><marc:subfield code="a">Chapter 4: Statements and DeclarationsSimple Statements; Compound Statements; if and unless Statements; Loop Statements; while and until Statements; for Loops; foreach Loops; Loop Control; Bare Blocks; Case Structures; goto; Global Declarations; Scoped Declarations; Scoped Variable Declarations; Lexically Scoped Variables: my; Lexically Scoped Global Declarations: our; Dynamically Scoped Variables: local; Pragmas; Controlling Warnings; Controlling the Use of Globals; Chapter 5: Pattern Matching; The Regular Expression Bestiary; Pattern-Matching Operators; Pattern Modifiers.</marc:subfield></marc:datafield><marc:datafield tag="505" ind1="0" ind2=" "><marc:subfield code="a">The m// Operator (Matching).</marc:subfield></marc:datafield><marc:datafield tag="520" ind1=" " ind2=" "><marc:subfield code="a"> Perl is a powerful programming language that  has grown in popularity since it first appeared in 1988. The first edition of this book, Programming Perl, hit the shelves in 1990, and was quickly adopted as the  undisputed bible of the language. Since then, Perl  has grown with the times, and so has this book.  Programming Perl is not just a book about Perl. It is  also a unique introduction to the language and its culture,  as one might expect only from its authors. Larry Wall is the inventor of Perl, and provides a unique perspective on  the evolution of Perl and its future direction. Tom Chr</marc:subfield></marc:datafield><marc:datafield tag="533" ind1=" " ind2=" "><marc:subfield code="a">Online-Ausg.</marc:subfield><marc:subfield code="d">2000</marc:subfield><marc:subfield code="n">Available also in a print edition.</marc:subfield><marc:subfield code="n">Electronic reproduction; Available via World Wide Web</marc:subfield><marc:subfield code="7">|2000||||||||||</marc:subfield></marc:datafield><marc:datafield tag="591" ind1=" " ind2=" "><marc:subfield code="a">720 ff. (DDC): GBV/LOC</marc:subfield></marc:datafield><marc:datafield tag="650" ind1=" " ind2="7"><marc:subfield code="0">(DE-601)123519713</marc:subfield><marc:subfield code="0">(DE-588)4307836-9</marc:subfield><marc:subfield code="a">Perl</marc:subfield><marc:subfield code="9">g:Programmiersprache</marc:subfield><marc:subfield code="2">gbv</marc:subfield></marc:datafield><marc:datafield tag="653" ind1=" " ind2="0"><marc:subfield code="a">Perl (Computer program language)</marc:subfield></marc:datafield><marc:datafield tag="655" ind1=" " ind2="0"><marc:subfield code="a">Electronic books</marc:subfield></marc:datafield><marc:datafield tag="700" ind1="1" ind2=" "><marc:subfield code="a">Wall, Larry</marc:subfield></marc:datafield><marc:datafield tag="700" ind1="1" ind2=" "><marc:subfield code="a">Christiansen, Tom</marc:subfield></marc:datafield><marc:datafield tag="700" ind1="1" ind2=" "><marc:subfield code="a">Orwant, Jon</marc:subfield></marc:datafield><marc:datafield tag="775" ind1="0" ind2="8"><marc:subfield code="i">Buchausg. u.d.T.</marc:subfield><marc:subfield code="t">Programming Perl</marc:subfield></marc:datafield><marc:datafield tag="787" ind1="0" ind2="8"><marc:subfield code="i">Print version: </marc:subfield><marc:subfield code="t">Programming Perl</marc:subfield></marc:datafield><marc:datafield tag="856" ind1="4" ind2="1"><marc:subfield code="u">http://gbv.eblib.com/patron/FullRecord.aspx?p=540322</marc:subfield><marc:subfield code="3">Volltext</marc:subfield></marc:datafield><marc:datafield tag="856" ind1="4" ind2="1"><marc:subfield code="u">http://proquest.tech.safaribooksonline.de/0596000278</marc:subfield><marc:subfield code="z">Connect to this resource online</marc:subfield><marc:subfield code="3">Volltext</marc:subfield></marc:datafield><marc:datafield tag="856" ind1="4" ind2="2"><marc:subfield code="y">Inhaltsverzeichnis</marc:subfield><marc:subfield code="u">http://www.gbv.de/dms/bowker/toc/9780596000271.pdf</marc:subfield><marc:subfield code="m">V:DE-601;Bowker</marc:subfield><marc:subfield code="3">Inhaltsverzeichnis</marc:subfield></marc:datafield><marc:datafield tag="856" ind1="4" ind2="2"><marc:subfield code="y">Zentralblatt MATH</marc:subfield><marc:subfield code="u">http://zbmath.org/?q=an:0949.68015</marc:subfield><marc:subfield code="m">V:DE-601;ZBM</marc:subfield><marc:subfield code="3">Inhaltstext</marc:subfield></marc:datafield><marc:datafield tag="900" ind1=" " ind2=" "><marc:subfield code="a">GBV</marc:subfield><marc:subfield code="b">UB Kiel &lt;8&gt;</marc:subfield><marc:subfield code="f">Vervielfältigungen (z.B. Kopien, Downloads) sind nur von einzelnen Kapiteln oder Seiten und nur zum eigenen wissenschaftlichen Gebrauch erlaubt. Keine Weitergabe an Dritte. Kein systematisches Downloaden durch Robots</marc:subfield><marc:subfield code="f">Zugriff auf den Volltext nur für Universitätsangehörige innerhalb des Netzes der Universität Kiel (Campuslizenz)</marc:subfield></marc:datafield><marc:datafield tag="900" ind1=" " ind2=" "><marc:subfield code="a">GBV</marc:subfield><marc:subfield code="b">TIB/UB Hannover &lt;89&gt;</marc:subfield></marc:datafield><marc:datafield tag="900" ind1=" " ind2=" "><marc:subfield code="a">GBV</marc:subfield><marc:subfield code="b">MPI ethnol. Forschung &lt;Ha 163&gt;</marc:subfield></marc:datafield><marc:datafield tag="912" ind1=" " ind2=" "><marc:subfield code="a">ZDB-89-EBL</marc:subfield></marc:datafield><marc:datafield tag="912" ind1=" " ind2=" "><marc:subfield code="a">ZDB-32-STB</marc:subfield></marc:datafield><marc:datafield tag="954" ind1=" " ind2=" "><marc:subfield code="a">24</marc:subfield><marc:subfield code="b">1473378664</marc:subfield><marc:subfield code="c">01</marc:subfield><marc:subfield code="k">Vervielfältigungen (z.B. Kopien, Downloads) sind nur von einzelnen Kapiteln oder Seiten und nur zum eigenen wissenschaftlichen Gebrauch erlaubt. Keine Weitergabe an Dritte. Kein systematisches Downloaden durch Robots</marc:subfield><marc:subfield code="k">Zugriff auf den Volltext nur für Universitätsangehörige innerhalb des Netzes der Universität Kiel (Campuslizenz)</marc:subfield><marc:subfield code="x">0008</marc:subfield></marc:datafield><marc:datafield tag="954" ind1=" " ind2=" "><marc:subfield code="a">70</marc:subfield><marc:subfield code="b">1494509059</marc:subfield><marc:subfield code="c">01</marc:subfield><marc:subfield code="x">0089</marc:subfield></marc:datafield><marc:datafield tag="954" ind1=" " ind2=" "><marc:subfield code="a">283</marc:subfield><marc:subfield code="b">1538067803</marc:subfield><marc:subfield code="c">01</marc:subfield><marc:subfield code="x">3283</marc:subfield></marc:datafield></marc:record>