
<marc:record><marc:leader>02142nam a2200541 c 4500</marc:leader>
<marc:controlfield tag="001">33975284X</marc:controlfield>
<marc:controlfield tag="003">DE-601</marc:controlfield><marc:controlfield tag="005">20130607021424.0</marc:controlfield><marc:controlfield tag="008">020109s2000                  000 0 ger d</marc:controlfield><marc:datafield tag="015" ind1=" " ind2=" "><marc:subfield code="a">99N350945</marc:subfield><marc:subfield code="2">dnb</marc:subfield></marc:datafield><marc:datafield tag="015" ind1=" " ind2=" "><marc:subfield code="a">99A510802</marc:subfield><marc:subfield code="2">dnb</marc:subfield></marc:datafield><marc:datafield tag="016" ind1="7" ind2=" "><marc:subfield code="a">95712452X</marc:subfield><marc:subfield code="2">DE-101</marc:subfield></marc:datafield><marc:datafield tag="020" ind1=" " ind2=" "><marc:subfield code="a">3897212188 (kart.)</marc:subfield><marc:subfield code="c"> DM 12.80, S 93.00</marc:subfield><marc:subfield code="9">3-89721-218-8</marc:subfield></marc:datafield><marc:datafield tag="035" ind1=" " ind2=" "><marc:subfield code="a">(OCoLC)845470971</marc:subfield></marc:datafield><marc:datafield tag="035" ind1=" " ind2=" "><marc:subfield code="a">(DE-599)GBV33975284X</marc:subfield></marc:datafield><marc:datafield tag="040" ind1=" " ind2=" "><marc:subfield code="a">GBVCP</marc:subfield><marc:subfield code="b">ger</marc:subfield><marc:subfield code="c">GBVCP</marc:subfield><marc:subfield code="e">rakwb</marc:subfield></marc:datafield><marc:datafield tag="041" ind1="0" ind2=" "><marc:subfield code="a">ger</marc:subfield></marc:datafield><marc:datafield tag="044" ind1=" " ind2=" "><marc:subfield code="a">cc</marc:subfield><marc:subfield code="a">xxu</marc:subfield><marc:subfield code="a">gw</marc:subfield></marc:datafield><marc:datafield tag="084" ind1=" " ind2=" "><marc:subfield code="a">28</marc:subfield><marc:subfield code="2">sdnb</marc:subfield></marc:datafield><marc:datafield tag="084" ind1=" " ind2=" "><marc:subfield code="a">54.32</marc:subfield><marc:subfield code="9">Rechnerkommunikation</marc:subfield><marc:subfield code="2">bcl</marc:subfield></marc:datafield><marc:datafield tag="084" ind1=" " ind2=" "><marc:subfield code="a">54.53</marc:subfield><marc:subfield code="9">Programmiersprachen</marc:subfield><marc:subfield code="2">bcl</marc:subfield></marc:datafield><marc:datafield tag="100" ind1="1" ind2=" "><marc:subfield code="a">Mui, Linda</marc:subfield></marc:datafield><marc:datafield tag="245" ind1="1" ind2="0"><marc:subfield code="a">CGI - kurz &amp; gut</marc:subfield><marc:subfield code="c">Linda Mui. Dt. Übers. und Erw. von Gerald Richter</marc:subfield></marc:datafield><marc:datafield tag="250" ind1=" " ind2=" "><marc:subfield code="a">2., korrig. Nachdr</marc:subfield></marc:datafield><marc:datafield tag="260" ind1="3" ind2=" "><marc:subfield code="a">Beijing [u.a.]</marc:subfield><marc:subfield code="b">O'Reilly</marc:subfield><marc:subfield code="c">2000</marc:subfield></marc:datafield><marc:datafield tag="300" ind1=" " ind2=" "><marc:subfield code="a">108 S</marc:subfield><marc:subfield code="c">18 cm</marc:subfield></marc:datafield><marc:datafield tag="490" ind1="0" ind2=" "><marc:subfield code="a">O'Reillys Taschenbibliothek</marc:subfield></marc:datafield><marc:datafield tag="650" ind1=" " ind2="7"><marc:subfield code="0">(DE-601)181366924</marc:subfield><marc:subfield code="0">(DE-588)4363898-3</marc:subfield><marc:subfield code="a">World Wide Web</marc:subfield><marc:subfield code="2">gnd</marc:subfield></marc:datafield><marc:datafield tag="650" ind1=" " ind2="7"><marc:subfield code="0">(DE-601)222531991</marc:subfield><marc:subfield code="0">(DE-588)4435301-7</marc:subfield><marc:subfield code="a">CGI</marc:subfield><marc:subfield code="9">g:Gateway</marc:subfield><marc:subfield code="2">gnd</marc:subfield></marc:datafield><marc:datafield tag="650" ind1=" " ind2="7"><marc:subfield code="0">(DE-601)105706310</marc:subfield><marc:subfield code="0">(DE-588)4129931-0</marc:subfield><marc:subfield code="a">Befehlsvorrat</marc:subfield><marc:subfield code="2">gnd</marc:subfield></marc:datafield><marc:datafield tag="650" ind1=" " ind2="7"><marc:subfield code="0">(DE-601)222531991</marc:subfield><marc:subfield code="0">(DE-588)4435301-7</marc:subfield><marc:subfield code="a">CGI</marc:subfield><marc:subfield code="9">g:Gateway</marc:subfield><marc:subfield code="2">gnd</marc:subfield></marc:datafield><marc:datafield tag="650" ind1=" " ind2="7"><marc:subfield code="0">(DE-601)123519713</marc:subfield><marc:subfield code="0">(DE-588)4307836-9</marc:subfield><marc:subfield code="a">Perl</marc:subfield><marc:subfield code="9">g:Programmiersprache</marc:subfield><marc:subfield code="2">gnd</marc:subfield></marc:datafield><marc:datafield tag="650" ind1=" " ind2="7"><marc:subfield code="0">(DE-601)13202814X</marc:subfield><marc:subfield code="0">(DE-588)4329283-5</marc:subfield><marc:subfield code="a">Modul</marc:subfield><marc:subfield code="9">g:Software</marc:subfield><marc:subfield code="2">gnd</marc:subfield></marc:datafield><marc:datafield tag="650" ind1=" " ind2="7"><marc:subfield code="0">(DE-601)184093600</marc:subfield><marc:subfield code="0">(DE-588)4373477-7</marc:subfield><marc:subfield code="a">HTML</marc:subfield><marc:subfield code="2">gnd</marc:subfield></marc:datafield><marc:datafield tag="653" ind1=" " ind2="7"><marc:subfield code="a">Verzeichnis</marc:subfield><marc:subfield code="2">gnd</marc:subfield></marc:datafield><marc:datafield tag="689" ind1="0" ind2="0"><marc:subfield code="0">(DE-601)181366924</marc:subfield><marc:subfield code="0">(DE-588)4363898-3</marc:subfield><marc:subfield code="a">World Wide Web</marc:subfield></marc:datafield><marc:datafield tag="689" ind1="0" ind2="1"><marc:subfield code="0">(DE-601)222531991</marc:subfield><marc:subfield code="0">(DE-588)4435301-7</marc:subfield><marc:subfield code="a">CGI</marc:subfield><marc:subfield code="9">g:Gateway</marc:subfield></marc:datafield><marc:datafield tag="689" ind1="0" ind2="2"><marc:subfield code="0">(DE-601)105706310</marc:subfield><marc:subfield code="0">(DE-588)4129931-0</marc:subfield><marc:subfield code="a">Befehlsvorrat</marc:subfield></marc:datafield><marc:datafield tag="689" ind1="0" ind2="3"><marc:subfield code="a">Verzeichnis</marc:subfield></marc:datafield><marc:datafield tag="689" ind1="0" ind2=" "><marc:subfield code="5">DE-101</marc:subfield></marc:datafield><marc:datafield tag="689" ind1="1" ind2="0"><marc:subfield code="0">(DE-601)222531991</marc:subfield><marc:subfield code="0">(DE-588)4435301-7</marc:subfield><marc:subfield code="a">CGI</marc:subfield><marc:subfield code="9">g:Gateway</marc:subfield></marc:datafield><marc:datafield tag="689" ind1="1" ind2="1"><marc:subfield code="0">(DE-601)123519713</marc:subfield><marc:subfield code="0">(DE-588)4307836-9</marc:subfield><marc:subfield code="a">Perl</marc:subfield><marc:subfield code="9">g:Programmiersprache</marc:subfield></marc:datafield><marc:datafield tag="689" ind1="1" ind2="2"><marc:subfield code="0">(DE-601)13202814X</marc:subfield><marc:subfield code="0">(DE-588)4329283-5</marc:subfield><marc:subfield code="a">Modul</marc:subfield><marc:subfield code="9">g:Software</marc:subfield></marc:datafield><marc:datafield tag="689" ind1="1" ind2=" "><marc:subfield code="5">DE-101</marc:subfield></marc:datafield><marc:datafield tag="689" ind1="2" ind2="0"><marc:subfield code="0">(DE-601)184093600</marc:subfield><marc:subfield code="0">(DE-588)4373477-7</marc:subfield><marc:subfield code="a">HTML</marc:subfield></marc:datafield><marc:datafield tag="689" ind1="2" ind2=" "><marc:subfield code="5">DE-101</marc:subfield></marc:datafield><marc:datafield tag="900" ind1=" " ind2=" "><marc:subfield code="a">GBV</marc:subfield><marc:subfield code="b">FH Kiel &lt;Ki 95&gt;</marc:subfield><marc:subfield code="d">!Ki 95! Inf 53-114/1</marc:subfield><marc:subfield code="x">N</marc:subfield><marc:subfield code="z">N</marc:subfield><marc:subfield code="s">3520/5</marc:subfield></marc:datafield><marc:datafield tag="954" ind1=" " ind2=" "><marc:subfield code="a">187</marc:subfield><marc:subfield code="b">568950984</marc:subfield><marc:subfield code="c">01</marc:subfield><marc:subfield code="f">Ki 95</marc:subfield><marc:subfield code="d">Inf 53-114/1</marc:subfield><marc:subfield code="e">c</marc:subfield><marc:subfield code="x">3520/5</marc:subfield></marc:datafield></marc:record>