
<marc:record><marc:leader>02240nam a2200445 c 4500</marc:leader>
<marc:controlfield tag="001">325583811</marc:controlfield>
<marc:controlfield tag="003">DE-601</marc:controlfield><marc:controlfield tag="005">20060613162604.0</marc:controlfield><marc:controlfield tag="008">010226s2000    gw            000 0 ger d</marc:controlfield><marc:datafield tag="015" ind1=" " ind2=" "><marc:subfield code="a">98A460819</marc:subfield><marc:subfield code="2">dnb</marc:subfield></marc:datafield><marc:datafield tag="016" ind1="7" ind2=" "><marc:subfield code="a">954782453</marc:subfield><marc:subfield code="2">DE-101</marc:subfield></marc:datafield><marc:datafield tag="020" ind1=" " ind2=" "><marc:subfield code="a">3826670515 (kart.)</marc:subfield><marc:subfield code="c">DM 19.80, sfr 19.00, S 145.00</marc:subfield><marc:subfield code="9">3-8266-7051-5</marc:subfield><marc:subfield code="z">3828710328</marc:subfield></marc:datafield><marc:datafield tag="040" ind1=" " ind2=" "><marc:subfield code="a">GBVCP</marc:subfield><marc:subfield code="b">ger</marc:subfield><marc:subfield code="c">GBVCP</marc:subfield><marc:subfield code="e">rakwb</marc:subfield></marc:datafield><marc:datafield tag="041" ind1="0" ind2=" "><marc:subfield code="a">ger</marc:subfield></marc:datafield><marc:datafield tag="084" ind1=" " ind2=" "><marc:subfield code="a">28</marc:subfield><marc:subfield code="2">sdnb</marc:subfield></marc:datafield><marc:datafield tag="084" ind1=" " ind2=" "><marc:subfield code="a">54.53</marc:subfield><marc:subfield code="9">Programmiersprachen</marc:subfield><marc:subfield code="2">bcl</marc:subfield></marc:datafield><marc:datafield tag="100" ind1="1" ind2=" "><marc:subfield code="a">Roßner, Thorsten</marc:subfield></marc:datafield><marc:datafield tag="245" ind1="1" ind2="4"><marc:subfield code="a">Das Einsteigerseminar Perl</marc:subfield><marc:subfield code="b">[der methodische und ausführliche Einstieg ; über 390 Seiten Einsteiger-Know-how]</marc:subfield><marc:subfield code="c">Thorsten Roßner</marc:subfield></marc:datafield><marc:datafield tag="246" ind1="3" ind2=" "><marc:subfield code="a">Perl</marc:subfield></marc:datafield><marc:datafield tag="246" ind1="1" ind2="3"><marc:subfield code="i">Nebent.</marc:subfield><marc:subfield code="a">Perl</marc:subfield></marc:datafield><marc:datafield tag="250" ind1=" " ind2=" "><marc:subfield code="a">3. Aufl</marc:subfield></marc:datafield><marc:datafield tag="260" ind1="3" ind2=" "><marc:subfield code="a">Kaarst</marc:subfield><marc:subfield code="b">bhv Verl.</marc:subfield><marc:subfield code="c">2000</marc:subfield></marc:datafield><marc:datafield tag="300" ind1=" " ind2=" "><marc:subfield code="a">404 S</marc:subfield><marc:subfield code="b">Ill., graph. Darst</marc:subfield><marc:subfield code="c">21 cm</marc:subfield></marc:datafield><marc:datafield tag="500" ind1=" " ind2=" "><marc:subfield code="a">Includes index</marc:subfield></marc:datafield><marc:datafield tag="650" ind1=" " ind2="7"><marc:subfield code="0">(DE-601)123519713</marc:subfield><marc:subfield code="0">(DE-588)4307836-9</marc:subfield><marc:subfield code="a">Perl</marc:subfield><marc:subfield code="9">g:Programmiersprache</marc:subfield><marc:subfield code="2">gnd</marc:subfield></marc:datafield><marc:datafield tag="689" ind1="0" ind2="0"><marc:subfield code="0">(DE-601)123519713</marc:subfield><marc:subfield code="0">(DE-588)4307836-9</marc:subfield><marc:subfield code="a">Perl</marc:subfield><marc:subfield code="9">g:Programmiersprache</marc:subfield></marc:datafield><marc:datafield tag="900" ind1=" " ind2=" "><marc:subfield code="a">GBV</marc:subfield><marc:subfield code="b">EAH Jena &lt;J 59&gt;</marc:subfield><marc:subfield code="d">54.53,1329-06/00226</marc:subfield><marc:subfield code="x">L</marc:subfield><marc:subfield code="z">LC</marc:subfield></marc:datafield><marc:datafield tag="900" ind1=" " ind2=" "><marc:subfield code="a">GBV</marc:subfield><marc:subfield code="b">FH Harz &lt;527&gt;</marc:subfield><marc:subfield code="d">!LS1! EIC 460 0391</marc:subfield><marc:subfield code="x">L</marc:subfield><marc:subfield code="z">LC</marc:subfield><marc:subfield code="s">0527/0001</marc:subfield></marc:datafield><marc:datafield tag="900" ind1=" " ind2=" "><marc:subfield code="a">GBV</marc:subfield><marc:subfield code="b">Berufsakad. Thüringen &lt;Ei 6&gt;</marc:subfield><marc:subfield code="d">!FH! 54.53(Ro)/Informatik</marc:subfield><marc:subfield code="x">N</marc:subfield><marc:subfield code="z">N</marc:subfield><marc:subfield code="d">!FH! 54.53(Ro)/Informatik</marc:subfield><marc:subfield code="x">L</marc:subfield><marc:subfield code="z">LC</marc:subfield><marc:subfield code="d">!FH! 54.53(Ro)/Informatik</marc:subfield><marc:subfield code="x">L</marc:subfield><marc:subfield code="z">LC</marc:subfield><marc:subfield code="d">!FH! 54.53(Ro)/Informatik</marc:subfield><marc:subfield code="x">L</marc:subfield><marc:subfield code="z">LC</marc:subfield><marc:subfield code="d">!FH! 54.53(Ro)/Informatik</marc:subfield><marc:subfield code="x">L</marc:subfield><marc:subfield code="z">LC</marc:subfield><marc:subfield code="d">!FH! 54.53(Ro)/Informatik</marc:subfield><marc:subfield code="x">L</marc:subfield><marc:subfield code="z">LC</marc:subfield><marc:subfield code="d">!FH! 54.53(Ro)/Informatik</marc:subfield><marc:subfield code="x">L</marc:subfield><marc:subfield code="z">LC</marc:subfield><marc:subfield code="d">!FH! 54.53(Ro)/Informatik</marc:subfield><marc:subfield code="x">L</marc:subfield><marc:subfield code="z">LC</marc:subfield><marc:subfield code="d">!FH! 54.53(Ro)/Informatik</marc:subfield><marc:subfield code="x">L</marc:subfield><marc:subfield code="z">LC</marc:subfield></marc:datafield><marc:datafield tag="954" ind1=" " ind2=" "><marc:subfield code="a">150</marc:subfield><marc:subfield code="b">751892459</marc:subfield><marc:subfield code="c">01</marc:subfield><marc:subfield code="d">54.53,1329-06/00226</marc:subfield><marc:subfield code="e">u</marc:subfield><marc:subfield code="x">3406</marc:subfield></marc:datafield><marc:datafield tag="954" ind1=" " ind2=" "><marc:subfield code="a">231</marc:subfield><marc:subfield code="b">423745425</marc:subfield><marc:subfield code="c">01</marc:subfield><marc:subfield code="f">LS1</marc:subfield><marc:subfield code="d">EIC 460 0391</marc:subfield><marc:subfield code="e">u</marc:subfield><marc:subfield code="x">0527/0001</marc:subfield></marc:datafield><marc:datafield tag="954" ind1=" " ind2=" "><marc:subfield code="a">281</marc:subfield><marc:subfield code="b">910861455</marc:subfield><marc:subfield code="c">01</marc:subfield><marc:subfield code="f">FH</marc:subfield><marc:subfield code="d">54.53(Ro)/Informatik</marc:subfield><marc:subfield code="e">i</marc:subfield><marc:subfield code="x">3281</marc:subfield></marc:datafield><marc:datafield tag="954" ind1=" " ind2=" "><marc:subfield code="a">281</marc:subfield><marc:subfield code="b">910861463</marc:subfield><marc:subfield code="c">02</marc:subfield><marc:subfield code="f">FH</marc:subfield><marc:subfield code="d">54.53(Ro)/Informatik</marc:subfield><marc:subfield code="e">u</marc:subfield><marc:subfield code="x">3281</marc:subfield></marc:datafield><marc:datafield tag="954" ind1=" " ind2=" "><marc:subfield code="a">281</marc:subfield><marc:subfield code="b">910861471</marc:subfield><marc:subfield code="c">03</marc:subfield><marc:subfield code="f">FH</marc:subfield><marc:subfield code="d">54.53(Ro)/Informatik</marc:subfield><marc:subfield code="e">u</marc:subfield><marc:subfield code="x">3281</marc:subfield></marc:datafield><marc:datafield tag="954" ind1=" " ind2=" "><marc:subfield code="a">281</marc:subfield><marc:subfield code="b">91086148X</marc:subfield><marc:subfield code="c">04</marc:subfield><marc:subfield code="f">FH</marc:subfield><marc:subfield code="d">54.53(Ro)/Informatik</marc:subfield><marc:subfield code="e">u</marc:subfield><marc:subfield code="x">3281</marc:subfield></marc:datafield><marc:datafield tag="954" ind1=" " ind2=" "><marc:subfield code="a">281</marc:subfield><marc:subfield code="b">910861498</marc:subfield><marc:subfield code="c">05</marc:subfield><marc:subfield code="f">FH</marc:subfield><marc:subfield code="d">54.53(Ro)/Informatik</marc:subfield><marc:subfield code="e">u</marc:subfield><marc:subfield code="x">3281</marc:subfield></marc:datafield><marc:datafield tag="954" ind1=" " ind2=" "><marc:subfield code="a">281</marc:subfield><marc:subfield code="b">910861501</marc:subfield><marc:subfield code="c">06</marc:subfield><marc:subfield code="f">FH</marc:subfield><marc:subfield code="d">54.53(Ro)/Informatik</marc:subfield><marc:subfield code="e">u</marc:subfield><marc:subfield code="x">3281</marc:subfield></marc:datafield><marc:datafield tag="954" ind1=" " ind2=" "><marc:subfield code="a">281</marc:subfield><marc:subfield code="b">91086151X</marc:subfield><marc:subfield code="c">07</marc:subfield><marc:subfield code="f">FH</marc:subfield><marc:subfield code="d">54.53(Ro)/Informatik</marc:subfield><marc:subfield code="e">u</marc:subfield><marc:subfield code="x">3281</marc:subfield></marc:datafield><marc:datafield tag="954" ind1=" " ind2=" "><marc:subfield code="a">281</marc:subfield><marc:subfield code="b">910861528</marc:subfield><marc:subfield code="c">08</marc:subfield><marc:subfield code="f">FH</marc:subfield><marc:subfield code="d">54.53(Ro)/Informatik</marc:subfield><marc:subfield code="e">u</marc:subfield><marc:subfield code="x">3281</marc:subfield></marc:datafield><marc:datafield tag="954" ind1=" " ind2=" "><marc:subfield code="a">281</marc:subfield><marc:subfield code="b">910861536</marc:subfield><marc:subfield code="c">09</marc:subfield><marc:subfield code="f">FH</marc:subfield><marc:subfield code="d">54.53(Ro)/Informatik</marc:subfield><marc:subfield code="e">u</marc:subfield><marc:subfield code="x">3281</marc:subfield></marc:datafield></marc:record>