
<marc:record><marc:leader>02403nam a2200553 c 4500</marc:leader>
<marc:controlfield tag="001">319373401</marc:controlfield>
<marc:controlfield tag="003">DE-601</marc:controlfield><marc:controlfield tag="005">20121230210556.0</marc:controlfield><marc:controlfield tag="008">000915s2000    gw            000 0 ger d</marc:controlfield><marc:datafield tag="015" ind1=" " ind2=" "><marc:subfield code="a">00N380445</marc:subfield><marc:subfield code="2">dnb</marc:subfield></marc:datafield><marc:datafield tag="016" ind1="7" ind2=" "><marc:subfield code="a">959679146</marc:subfield><marc:subfield code="2">DE-101</marc:subfield></marc:datafield><marc:datafield tag="020" ind1=" " ind2=" "><marc:subfield code="a">3827258413 (Gb.)</marc:subfield><marc:subfield code="c">DM 39.95</marc:subfield><marc:subfield code="9">3-8272-5841-3</marc:subfield></marc:datafield><marc:datafield tag="035" ind1=" " ind2=" "><marc:subfield code="a">(OCoLC)76177117</marc:subfield></marc:datafield><marc:datafield tag="040" ind1=" " ind2=" "><marc:subfield code="a">GBVCP</marc:subfield><marc:subfield code="b">ger</marc:subfield><marc:subfield code="c">GBVCP</marc:subfield><marc:subfield code="e">rakwb</marc:subfield></marc:datafield><marc:datafield tag="041" ind1="0" ind2=" "><marc:subfield code="a">ger</marc:subfield></marc:datafield><marc:datafield tag="084" ind1=" " ind2=" "><marc:subfield code="a">28</marc:subfield><marc:subfield code="2">sdnb</marc:subfield></marc:datafield><marc:datafield tag="084" ind1=" " ind2=" "><marc:subfield code="a">54.53</marc:subfield><marc:subfield code="9">Programmiersprachen</marc:subfield><marc:subfield code="2">bcl</marc:subfield></marc:datafield><marc:datafield tag="084" ind1=" " ind2=" "><marc:subfield code="a">ST 250 P30</marc:subfield><marc:subfield code="2">rvk</marc:subfield></marc:datafield><marc:datafield tag="084" ind1=" " ind2=" "><marc:subfield code="a">ST 260</marc:subfield><marc:subfield code="2">rvk</marc:subfield></marc:datafield><marc:datafield tag="100" ind1="1" ind2=" "><marc:subfield code="a">Louis, Dirk</marc:subfield></marc:datafield><marc:datafield tag="245" ind1="1" ind2="0"><marc:subfield code="a">Jetzt lerne ich Perl</marc:subfield><marc:subfield code="b">[Unix, Linux, Windows, CGI - der einfache Einstieg in die Script-Programmierung]</marc:subfield><marc:subfield code="c">Dirk Louis</marc:subfield></marc:datafield><marc:datafield tag="260" ind1="3" ind2=" "><marc:subfield code="a">München</marc:subfield><marc:subfield code="b">Markt + Technik-Verl.</marc:subfield><marc:subfield code="c">2000</marc:subfield></marc:datafield><marc:datafield tag="300" ind1=" " ind2=" "><marc:subfield code="a">399 S.</marc:subfield><marc:subfield code="b">Ill., graph. Darst.</marc:subfield><marc:subfield code="c">24 cm</marc:subfield></marc:datafield><marc:datafield tag="650" ind1=" " ind2="7"><marc:subfield code="0">(DE-601)123519713</marc:subfield><marc:subfield code="0">(DE-588)4307836-9</marc:subfield><marc:subfield code="a">Perl</marc:subfield><marc:subfield code="9">g:Programmiersprache</marc:subfield><marc:subfield code="2">gbv</marc:subfield></marc:datafield><marc:datafield tag="856" ind1="4" ind2="2"><marc:subfield code="y">Inhaltsverzeichnis</marc:subfield><marc:subfield code="u">http://www.gbv.de/dms/ilmenau/toc/319373401.PDF</marc:subfield><marc:subfield code="m">V:DE-601;DE-ilm1</marc:subfield><marc:subfield code="3">Inhaltsverzeichnis</marc:subfield></marc:datafield><marc:datafield tag="900" ind1=" " ind2=" "><marc:subfield code="a">GBV</marc:subfield><marc:subfield code="b">UB Braunschweig &lt;84&gt;</marc:subfield><marc:subfield code="d">2798-2981</marc:subfield><marc:subfield code="x">L</marc:subfield><marc:subfield code="z">LC</marc:subfield></marc:datafield><marc:datafield tag="900" ind1=" " ind2=" "><marc:subfield code="a">GBV</marc:subfield><marc:subfield code="b">TUB Hamburg &lt;830&gt;</marc:subfield><marc:subfield code="d">!TI! TII-480</marc:subfield><marc:subfield code="d">2799-5787</marc:subfield></marc:datafield><marc:datafield tag="900" ind1=" " ind2=" "><marc:subfield code="a">GBV</marc:subfield><marc:subfield code="b">UB Ilmenau &lt;Ilm 1&gt;</marc:subfield><marc:subfield code="d">!53! INF ST 250 P30 L888</marc:subfield><marc:subfield code="x">L</marc:subfield><marc:subfield code="z">LC</marc:subfield></marc:datafield><marc:datafield tag="900" ind1=" " ind2=" "><marc:subfield code="a">GBV</marc:subfield><marc:subfield code="b">ULB Halle &lt;3&gt;</marc:subfield><marc:subfield code="d">!Ha 20! P T-Laut 220</marc:subfield><marc:subfield code="x">L</marc:subfield><marc:subfield code="z">LC</marc:subfield><marc:subfield code="s">3/20</marc:subfield><marc:subfield code="d">00 A 1397</marc:subfield><marc:subfield code="x">L</marc:subfield><marc:subfield code="z">LC</marc:subfield><marc:subfield code="d">!Ha 4! PH 2000-303</marc:subfield><marc:subfield code="x">L</marc:subfield><marc:subfield code="z">LC</marc:subfield><marc:subfield code="s">3/4</marc:subfield></marc:datafield><marc:datafield tag="900" ind1=" " ind2=" "><marc:subfield code="a">GBV</marc:subfield><marc:subfield code="b">TIB/UB Hannover &lt;89&gt;</marc:subfield><marc:subfield code="d">T 00 B 6047</marc:subfield><marc:subfield code="x">L</marc:subfield><marc:subfield code="z">LC</marc:subfield></marc:datafield><marc:datafield tag="900" ind1=" " ind2=" "><marc:subfield code="a">GBV</marc:subfield><marc:subfield code="b">UB Hildesheim &lt;Hil 2&gt;</marc:subfield><marc:subfield code="d">CSC 384 : L56</marc:subfield><marc:subfield code="x">L</marc:subfield><marc:subfield code="z">LC</marc:subfield></marc:datafield><marc:datafield tag="900" ind1=" " ind2=" "><marc:subfield code="a">GBV</marc:subfield><marc:subfield code="b">HSB HSAnhalt &lt;Kt 1&gt;</marc:subfield><marc:subfield code="d">!KOET-Mag! 46107 &lt;1&gt;</marc:subfield><marc:subfield code="x">L</marc:subfield><marc:subfield code="z">LC</marc:subfield><marc:subfield code="d">!KOET-Mag! 46107 &lt;2&gt;</marc:subfield><marc:subfield code="x">L</marc:subfield><marc:subfield code="z">LC</marc:subfield></marc:datafield><marc:datafield tag="900" ind1=" " ind2=" "><marc:subfield code="a">GBV</marc:subfield><marc:subfield code="b">FH Stralsund &lt;Sra 5&gt;</marc:subfield><marc:subfield code="d">ST 250 P30 L888</marc:subfield><marc:subfield code="x">L</marc:subfield><marc:subfield code="z">LC</marc:subfield></marc:datafield><marc:datafield tag="950" ind1=" " ind2=" "><marc:subfield code="a">Programmiersprachen</marc:subfield><marc:subfield code="2">118</marc:subfield></marc:datafield><marc:datafield tag="951" ind1=" " ind2=" "><marc:subfield code="a">ST 250 P30</marc:subfield><marc:subfield code="2">32</marc:subfield></marc:datafield><marc:datafield tag="951" ind1=" " ind2=" "><marc:subfield code="a">CSC 384</marc:subfield><marc:subfield code="2">90</marc:subfield></marc:datafield><marc:datafield tag="951" ind1=" " ind2=" "><marc:subfield code="a">CSP</marc:subfield><marc:subfield code="2">118</marc:subfield></marc:datafield><marc:datafield tag="951" ind1=" " ind2=" "><marc:subfield code="a">ST 250 P30</marc:subfield><marc:subfield code="2">185</marc:subfield></marc:datafield><marc:datafield tag="954" ind1=" " ind2=" "><marc:subfield code="a">20</marc:subfield><marc:subfield code="b">408955104</marc:subfield><marc:subfield code="c">01</marc:subfield><marc:subfield code="d">2798-2981</marc:subfield><marc:subfield code="x">0084</marc:subfield></marc:datafield><marc:datafield tag="954" ind1=" " ind2=" "><marc:subfield code="a">23</marc:subfield><marc:subfield code="b">471640522</marc:subfield><marc:subfield code="c">01</marc:subfield><marc:subfield code="f">TI</marc:subfield><marc:subfield code="d">TII-480</marc:subfield><marc:subfield code="d">2799-5787</marc:subfield><marc:subfield code="x">0830</marc:subfield></marc:datafield><marc:datafield tag="954" ind1=" " ind2=" "><marc:subfield code="a">32</marc:subfield><marc:subfield code="b">42247861X</marc:subfield><marc:subfield code="c">02</marc:subfield><marc:subfield code="f">53</marc:subfield><marc:subfield code="d">INF ST 250 P30 L888</marc:subfield><marc:subfield code="e">u</marc:subfield><marc:subfield code="x">3400</marc:subfield></marc:datafield><marc:datafield tag="954" ind1=" " ind2=" "><marc:subfield code="a">65</marc:subfield><marc:subfield code="b">404859739</marc:subfield><marc:subfield code="c">01</marc:subfield><marc:subfield code="f">Ha 20</marc:subfield><marc:subfield code="d">P T-Laut 220</marc:subfield><marc:subfield code="e">u</marc:subfield><marc:subfield code="x">3/20</marc:subfield></marc:datafield><marc:datafield tag="954" ind1=" " ind2=" "><marc:subfield code="a">65</marc:subfield><marc:subfield code="b">412907712</marc:subfield><marc:subfield code="c">02</marc:subfield><marc:subfield code="d">00 A 1397</marc:subfield><marc:subfield code="e">u</marc:subfield><marc:subfield code="x">0003</marc:subfield></marc:datafield><marc:datafield tag="954" ind1=" " ind2=" "><marc:subfield code="a">65</marc:subfield><marc:subfield code="b">416275249</marc:subfield><marc:subfield code="c">03</marc:subfield><marc:subfield code="f">Ha 4</marc:subfield><marc:subfield code="d">PH 2000-303</marc:subfield><marc:subfield code="e">u</marc:subfield><marc:subfield code="x">3/4</marc:subfield></marc:datafield><marc:datafield tag="954" ind1=" " ind2=" "><marc:subfield code="a">70</marc:subfield><marc:subfield code="b">408364025</marc:subfield><marc:subfield code="c">01</marc:subfield><marc:subfield code="d">T 00 B 6047</marc:subfield><marc:subfield code="e">u</marc:subfield><marc:subfield code="x">0089</marc:subfield></marc:datafield><marc:datafield tag="954" ind1=" " ind2=" "><marc:subfield code="a">90</marc:subfield><marc:subfield code="b">408462574</marc:subfield><marc:subfield code="c">01</marc:subfield><marc:subfield code="d">CSC 384 : L56</marc:subfield><marc:subfield code="e">u</marc:subfield><marc:subfield code="x">3090</marc:subfield></marc:datafield><marc:datafield tag="954" ind1=" " ind2=" "><marc:subfield code="a">118</marc:subfield><marc:subfield code="b">49867956X</marc:subfield><marc:subfield code="c">01</marc:subfield><marc:subfield code="f">KOET-Mag</marc:subfield><marc:subfield code="d">46107 &lt;1&gt;</marc:subfield><marc:subfield code="e">u</marc:subfield><marc:subfield code="x">3329</marc:subfield></marc:datafield><marc:datafield tag="954" ind1=" " ind2=" "><marc:subfield code="a">118</marc:subfield><marc:subfield code="b">504534823</marc:subfield><marc:subfield code="c">02</marc:subfield><marc:subfield code="f">KOET-Mag</marc:subfield><marc:subfield code="d">46107 &lt;2&gt;</marc:subfield><marc:subfield code="e">u</marc:subfield><marc:subfield code="x">3329</marc:subfield></marc:datafield><marc:datafield tag="954" ind1=" " ind2=" "><marc:subfield code="a">185</marc:subfield><marc:subfield code="b">407236074</marc:subfield><marc:subfield code="c">01</marc:subfield><marc:subfield code="d">ST 250 P30 L888</marc:subfield><marc:subfield code="e">u</marc:subfield><marc:subfield code="x">3519</marc:subfield></marc:datafield></marc:record>