
<marc:record><marc:leader>03344nam a2200697 c 4500</marc:leader>
<marc:controlfield tag="001">318753995</marc:controlfield>
<marc:controlfield tag="003">DE-601</marc:controlfield><marc:controlfield tag="005">20150101172932.0</marc:controlfield><marc:controlfield tag="008">000901s2000                  000 0 ger d</marc:controlfield><marc:datafield tag="020" ind1=" " ind2=" "><marc:subfield code="a">389721105X</marc:subfield><marc:subfield code="9">3-89721-105-X</marc:subfield></marc:datafield><marc:datafield tag="024" ind1="8" ind2=" "><marc:subfield code="a">pot40077672</marc:subfield></marc:datafield><marc:datafield tag="035" ind1=" " ind2=" "><marc:subfield code="a">(OCoLC)247583117</marc:subfield></marc:datafield><marc:datafield tag="035" ind1=" " ind2=" "><marc:subfield code="a">(DE-599)GBV318753995</marc:subfield></marc:datafield><marc:datafield tag="040" ind1=" " ind2=" "><marc:subfield code="a">GBVCP</marc:subfield><marc:subfield code="b">ger</marc:subfield><marc:subfield code="c">GBVCP</marc:subfield><marc:subfield code="e">rakwb</marc:subfield></marc:datafield><marc:datafield tag="041" ind1="0" ind2=" "><marc:subfield code="a">ger</marc:subfield></marc:datafield><marc:datafield tag="044" ind1=" " ind2=" "><marc:subfield code="a">cc</marc:subfield><marc:subfield code="a">xxk</marc:subfield><marc:subfield code="a">gw</marc:subfield></marc:datafield><marc:datafield tag="084" ind1=" " ind2=" "><marc:subfield code="a">28</marc:subfield><marc:subfield code="2">sdnb</marc:subfield></marc:datafield><marc:datafield tag="084" ind1=" " ind2=" "><marc:subfield code="a">54.53</marc:subfield><marc:subfield code="9">Programmiersprachen</marc:subfield><marc:subfield code="2">bcl</marc:subfield></marc:datafield><marc:datafield tag="084" ind1=" " ind2=" "><marc:subfield code="a">ST 250</marc:subfield><marc:subfield code="2">rvk</marc:subfield></marc:datafield><marc:datafield tag="100" ind1="1" ind2=" "><marc:subfield code="a">Schwartz, Randal L.</marc:subfield><marc:subfield code="0">(DE-601)080606733</marc:subfield><marc:subfield code="0">(DE-588)120327996</marc:subfield></marc:datafield><marc:datafield tag="240" ind1="1" ind2="0"><marc:subfield code="a">Learning Perl &lt;dt.&gt;</marc:subfield></marc:datafield><marc:datafield tag="245" ind1="1" ind2="0"><marc:subfield code="a">Einführung in Perl</marc:subfield><marc:subfield code="c">Randal L. Schwartz &amp; Tom Christiansen</marc:subfield></marc:datafield><marc:datafield tag="250" ind1=" " ind2=" "><marc:subfield code="a">2. Aufl., 4., korr. Nachdr</marc:subfield></marc:datafield><marc:datafield tag="260" ind1="3" ind2=" "><marc:subfield code="a">Beijing [u.a.]</marc:subfield><marc:subfield code="b">O'Reilly</marc:subfield><marc:subfield code="c">2000</marc:subfield></marc:datafield><marc:datafield tag="300" ind1=" " ind2=" "><marc:subfield code="a">XXIX, 287 S</marc:subfield><marc:subfield code="b">graph. Darst</marc:subfield></marc:datafield><marc:datafield tag="650" ind1=" " ind2="7"><marc:subfield code="0">(DE-601)123519713</marc:subfield><marc:subfield code="0">(DE-588)4307836-9</marc:subfield><marc:subfield code="a">Perl</marc:subfield><marc:subfield code="9">g:Programmiersprache</marc:subfield><marc:subfield code="2">gnd</marc:subfield></marc:datafield><marc:datafield tag="650" ind1=" " ind2="7"><marc:subfield code="0">(DE-601)123519713</marc:subfield><marc:subfield code="0">(DE-588)4307836-9</marc:subfield><marc:subfield code="a">Perl</marc:subfield><marc:subfield code="9">g:Programmiersprache</marc:subfield><marc:subfield code="2">gbv</marc:subfield></marc:datafield><marc:datafield tag="689" ind1="0" ind2="0"><marc:subfield code="0">(DE-601)123519713</marc:subfield><marc:subfield code="0">(DE-588)4307836-9</marc:subfield><marc:subfield code="a">Perl</marc:subfield><marc:subfield code="9">g:Programmiersprache</marc:subfield></marc:datafield><marc:datafield tag="700" ind1="1" ind2=" "><marc:subfield code="a">Christiansen, Tom</marc:subfield><marc:subfield code="e">Author</marc:subfield><marc:subfield code="4">aut</marc:subfield></marc:datafield><marc:datafield tag="856" ind1="4" ind2="2"><marc:subfield code="u">http://external.dandelon.com/download/attachments/dandelon/ids/FL0011CEA.pdf</marc:subfield><marc:subfield code="m">V:DE-601;AGI</marc:subfield><marc:subfield code="3">Inhaltsverzeichnis</marc:subfield></marc:datafield><marc:datafield tag="900" ind1=" " ind2=" "><marc:subfield code="a">GBV</marc:subfield><marc:subfield code="b">HAW Hamburg</marc:subfield><marc:subfield code="d">!18/302! Dat 346 PER 6/2.A. j</marc:subfield><marc:subfield code="x">N</marc:subfield><marc:subfield code="z">N</marc:subfield></marc:datafield><marc:datafield tag="900" ind1=" " ind2=" "><marc:subfield code="a">GBV</marc:subfield><marc:subfield code="b">UB Rostock &lt;28&gt;</marc:subfield><marc:subfield code="d">!28/BB1-LBS! ST 250 P30 S399(2)+3</marc:subfield><marc:subfield code="x">N</marc:subfield><marc:subfield code="z">N</marc:subfield><marc:subfield code="d">!28/BB1-LBS! ST 250 P30 S399(2)+4</marc:subfield><marc:subfield code="x">N</marc:subfield><marc:subfield code="z">N</marc:subfield><marc:subfield code="d">!28/BB1-LBS! ST 250 P30 S399(2)+5</marc:subfield><marc:subfield code="x">N</marc:subfield><marc:subfield code="z">N</marc:subfield></marc:datafield><marc:datafield tag="900" ind1=" " ind2=" "><marc:subfield code="a">GBV</marc:subfield><marc:subfield code="b">UB Weimar &lt;Wim 2&gt;</marc:subfield><marc:subfield code="d">!F+2! Hl 6510/47</marc:subfield><marc:subfield code="x">L</marc:subfield><marc:subfield code="z">LC</marc:subfield><marc:subfield code="d">178 094</marc:subfield></marc:datafield><marc:datafield tag="900" ind1=" " ind2=" "><marc:subfield code="a">GBV</marc:subfield><marc:subfield code="b">TIB/UB Hannover &lt;89&gt;</marc:subfield><marc:subfield code="d">!FBW! oek 7412/092(2)</marc:subfield><marc:subfield code="x">L</marc:subfield><marc:subfield code="z">C</marc:subfield><marc:subfield code="s">89/18</marc:subfield><marc:subfield code="d">!FBW! oek 7412/092(2)a</marc:subfield><marc:subfield code="x">L</marc:subfield><marc:subfield code="z">C</marc:subfield><marc:subfield code="s">89/18</marc:subfield></marc:datafield><marc:datafield tag="900" ind1=" " ind2=" "><marc:subfield code="a">GBV</marc:subfield><marc:subfield code="b">UB Magdeburg &lt;Ma 9&gt;</marc:subfield><marc:subfield code="d">!FH! 2000.14758:1</marc:subfield><marc:subfield code="x">L</marc:subfield><marc:subfield code="z">LC</marc:subfield><marc:subfield code="d">!FH! 2000.14758:2</marc:subfield><marc:subfield code="x">L</marc:subfield><marc:subfield code="z">LC</marc:subfield></marc:datafield><marc:datafield tag="900" ind1=" " ind2=" "><marc:subfield code="a">GBV</marc:subfield><marc:subfield code="b">HSB Emden/Leer &lt;755&gt;</marc:subfield><marc:subfield code="d">TXU / Schw</marc:subfield><marc:subfield code="x">N</marc:subfield><marc:subfield code="z">N</marc:subfield></marc:datafield><marc:datafield tag="900" ind1=" " ind2=" "><marc:subfield code="a">GBV</marc:subfield><marc:subfield code="b">Ostfalia Wolfenbüttel &lt;916&gt;</marc:subfield><marc:subfield code="d">!WF! IT Gp 831/2</marc:subfield><marc:subfield code="x">L</marc:subfield><marc:subfield code="z">LC</marc:subfield><marc:subfield code="f">Weitere Exemplare unter den anderen Auflagen</marc:subfield></marc:datafield><marc:datafield tag="900" ind1=" " ind2=" "><marc:subfield code="a">GBV</marc:subfield><marc:subfield code="b">Inst. Pflanz. Biol. &lt;Ha 93&gt;</marc:subfield><marc:subfield code="d">E/195</marc:subfield><marc:subfield code="x">L</marc:subfield><marc:subfield code="z">LC</marc:subfield></marc:datafield><marc:datafield tag="900" ind1=" " ind2=" "><marc:subfield code="a">GBV</marc:subfield><marc:subfield code="b">UB Potsdam &lt;517&gt;</marc:subfield><marc:subfield code="d">!1892! ohne Signatur</marc:subfield><marc:subfield code="x">L</marc:subfield><marc:subfield code="z">LC</marc:subfield><marc:subfield code="d">!1616! ohne Signatur</marc:subfield><marc:subfield code="x">L</marc:subfield><marc:subfield code="z">LC</marc:subfield></marc:datafield><marc:datafield tag="900" ind1=" " ind2=" "><marc:subfield code="a">GBV</marc:subfield><marc:subfield code="b">HCU Hamburg &lt;1373&gt;</marc:subfield><marc:subfield code="d">!CN-U! Uky 41</marc:subfield><marc:subfield code="x">L</marc:subfield><marc:subfield code="z">LC</marc:subfield></marc:datafield><marc:datafield tag="951" ind1=" " ind2=" "><marc:subfield code="a">DAT 346 PER</marc:subfield><marc:subfield code="2">34</marc:subfield></marc:datafield><marc:datafield tag="951" ind1=" " ind2=" "><marc:subfield code="a">Hl 6510</marc:subfield><marc:subfield code="2">63</marc:subfield></marc:datafield><marc:datafield tag="951" ind1=" " ind2=" "><marc:subfield code="a">oek 7412</marc:subfield><marc:subfield code="2">70</marc:subfield></marc:datafield><marc:datafield tag="951" ind1=" " ind2=" "><marc:subfield code="a">Y. 322.20</marc:subfield><marc:subfield code="2">100</marc:subfield></marc:datafield><marc:datafield tag="951" ind1=" " ind2=" "><marc:subfield code="a">TXU</marc:subfield><marc:subfield code="2">160</marc:subfield></marc:datafield><marc:datafield tag="951" ind1=" " ind2=" "><marc:subfield code="a">ST 250 PE</marc:subfield><marc:subfield code="2">285</marc:subfield></marc:datafield><marc:datafield tag="954" ind1=" " ind2=" "><marc:subfield code="a">34</marc:subfield><marc:subfield code="b">403966256</marc:subfield><marc:subfield code="c">01</marc:subfield><marc:subfield code="f">18/302</marc:subfield><marc:subfield code="d">Dat 346 PER 6/2.A. j</marc:subfield><marc:subfield code="e">c</marc:subfield><marc:subfield code="x">3551</marc:subfield></marc:datafield><marc:datafield tag="954" ind1=" " ind2=" "><marc:subfield code="a">62</marc:subfield><marc:subfield code="b">402122089</marc:subfield><marc:subfield code="c">03</marc:subfield><marc:subfield code="f">28/BB1-LBS</marc:subfield><marc:subfield code="d">ST 250 P30 S399(2)+3</marc:subfield><marc:subfield code="e">c</marc:subfield><marc:subfield code="x">0028</marc:subfield></marc:datafield><marc:datafield tag="954" ind1=" " ind2=" "><marc:subfield code="a">62</marc:subfield><marc:subfield code="b">40212345X</marc:subfield><marc:subfield code="c">04</marc:subfield><marc:subfield code="f">28/BB1-LBS</marc:subfield><marc:subfield code="d">ST 250 P30 S399(2)+4</marc:subfield><marc:subfield code="e">c</marc:subfield><marc:subfield code="x">0028</marc:subfield></marc:datafield><marc:datafield tag="954" ind1=" " ind2=" "><marc:subfield code="a">62</marc:subfield><marc:subfield code="b">402123468</marc:subfield><marc:subfield code="c">05</marc:subfield><marc:subfield code="f">28/BB1-LBS</marc:subfield><marc:subfield code="d">ST 250 P30 S399(2)+5</marc:subfield><marc:subfield code="e">c</marc:subfield><marc:subfield code="x">0028</marc:subfield></marc:datafield><marc:datafield tag="954" ind1=" " ind2=" "><marc:subfield code="a">63</marc:subfield><marc:subfield code="b">42207392X</marc:subfield><marc:subfield code="c">01</marc:subfield><marc:subfield code="f">F+2</marc:subfield><marc:subfield code="d">Hl 6510/47</marc:subfield><marc:subfield code="e">b</marc:subfield><marc:subfield code="d">178 094</marc:subfield><marc:subfield code="x">3401</marc:subfield></marc:datafield><marc:datafield tag="954" ind1=" " ind2=" "><marc:subfield code="a">70</marc:subfield><marc:subfield code="b">406459428</marc:subfield><marc:subfield code="c">01</marc:subfield><marc:subfield code="f">FBW</marc:subfield><marc:subfield code="d">oek 7412/092(2)</marc:subfield><marc:subfield code="e">s</marc:subfield><marc:subfield code="x">89/18</marc:subfield></marc:datafield><marc:datafield tag="954" ind1=" " ind2=" "><marc:subfield code="a">70</marc:subfield><marc:subfield code="b">408349743</marc:subfield><marc:subfield code="c">02</marc:subfield><marc:subfield code="f">FBW</marc:subfield><marc:subfield code="d">oek 7412/092(2)a</marc:subfield><marc:subfield code="e">s</marc:subfield><marc:subfield code="x">89/18</marc:subfield></marc:datafield><marc:datafield tag="954" ind1=" " ind2=" "><marc:subfield code="a">100</marc:subfield><marc:subfield code="b">413632822</marc:subfield><marc:subfield code="c">01</marc:subfield><marc:subfield code="f">FH</marc:subfield><marc:subfield code="d">2000.14758:1</marc:subfield><marc:subfield code="e">u</marc:subfield><marc:subfield code="x">3100</marc:subfield></marc:datafield><marc:datafield tag="954" ind1=" " ind2=" "><marc:subfield code="a">100</marc:subfield><marc:subfield code="b">415909546</marc:subfield><marc:subfield code="c">02</marc:subfield><marc:subfield code="f">FH</marc:subfield><marc:subfield code="d">2000.14758:2</marc:subfield><marc:subfield code="e">u</marc:subfield><marc:subfield code="x">3100</marc:subfield></marc:datafield><marc:datafield tag="954" ind1=" " ind2=" "><marc:subfield code="a">160</marc:subfield><marc:subfield code="b">403302153</marc:subfield><marc:subfield code="c">01</marc:subfield><marc:subfield code="d">TXU / Schw</marc:subfield><marc:subfield code="e">c</marc:subfield><marc:subfield code="x">0755</marc:subfield></marc:datafield><marc:datafield tag="954" ind1=" " ind2=" "><marc:subfield code="a">164</marc:subfield><marc:subfield code="b">415419727</marc:subfield><marc:subfield code="c">05</marc:subfield><marc:subfield code="f">WF</marc:subfield><marc:subfield code="d">IT Gp 831/2</marc:subfield><marc:subfield code="e">u</marc:subfield><marc:subfield code="k">Weitere Exemplare unter den anderen Auflagen</marc:subfield><marc:subfield code="x">0916</marc:subfield></marc:datafield><marc:datafield tag="954" ind1=" " ind2=" "><marc:subfield code="a">195</marc:subfield><marc:subfield code="b">413228312</marc:subfield><marc:subfield code="c">01</marc:subfield><marc:subfield code="d">E/195</marc:subfield><marc:subfield code="e">u</marc:subfield><marc:subfield code="x">3195</marc:subfield></marc:datafield><marc:datafield tag="954" ind1=" " ind2=" "><marc:subfield code="a">285</marc:subfield><marc:subfield code="b">791774538</marc:subfield><marc:subfield code="c">01</marc:subfield><marc:subfield code="f">1892</marc:subfield><marc:subfield code="d">ohne Signatur</marc:subfield><marc:subfield code="e">d</marc:subfield><marc:subfield code="x">0517</marc:subfield></marc:datafield><marc:datafield tag="954" ind1=" " ind2=" "><marc:subfield code="a">285</marc:subfield><marc:subfield code="b">791774546</marc:subfield><marc:subfield code="c">02</marc:subfield><marc:subfield code="f">1616</marc:subfield><marc:subfield code="d">ohne Signatur</marc:subfield><marc:subfield code="e">d</marc:subfield><marc:subfield code="x">0517</marc:subfield></marc:datafield><marc:datafield tag="954" ind1=" " ind2=" "><marc:subfield code="a">370</marc:subfield><marc:subfield code="b">471774197</marc:subfield><marc:subfield code="c">01</marc:subfield><marc:subfield code="f">CN-U</marc:subfield><marc:subfield code="d">Uky 41</marc:subfield><marc:subfield code="e">u</marc:subfield><marc:subfield code="x">4370</marc:subfield></marc:datafield></marc:record>