
<marc:record><marc:leader>04917nam a2201009 c 4500</marc:leader>
<marc:controlfield tag="001">313613516</marc:controlfield>
<marc:controlfield tag="003">DE-601</marc:controlfield><marc:controlfield tag="005">20140411135955.0</marc:controlfield><marc:controlfield tag="008">000531s2000    gw            000 0 ger d</marc:controlfield><marc:datafield tag="015" ind1=" " ind2=" "><marc:subfield code="a">00N220296</marc:subfield><marc:subfield code="2">dnb</marc:subfield></marc:datafield><marc:datafield tag="015" ind1=" " ind2=" "><marc:subfield code="a">00A360759</marc:subfield><marc:subfield code="2">dnb</marc:subfield></marc:datafield><marc:datafield tag="016" ind1="7" ind2=" "><marc:subfield code="a">958975981</marc:subfield><marc:subfield code="2">DE-101</marc:subfield></marc:datafield><marc:datafield tag="020" ind1=" " ind2=" "><marc:subfield code="a">3827257646</marc:subfield><marc:subfield code="c">DM 49.95</marc:subfield><marc:subfield code="9">3-8272-5764-6</marc:subfield></marc:datafield><marc:datafield tag="024" ind1="8" ind2=" "><marc:subfield code="a">BIST1498075</marc:subfield></marc:datafield><marc:datafield tag="035" ind1=" " ind2=" "><marc:subfield code="a">(OCoLC)76130706</marc:subfield></marc:datafield><marc:datafield tag="035" ind1=" " ind2=" "><marc:subfield code="a">(DE-599)GBV313613516</marc:subfield></marc:datafield><marc:datafield tag="040" ind1=" " ind2=" "><marc:subfield code="a">GBVCP</marc:subfield><marc:subfield code="b">ger</marc:subfield><marc:subfield code="c">GBVCP</marc:subfield><marc:subfield code="e">rakwb</marc:subfield></marc:datafield><marc:datafield tag="041" ind1="0" ind2=" "><marc:subfield code="a">ger</marc:subfield></marc:datafield><marc:datafield tag="084" ind1=" " ind2=" "><marc:subfield code="a">28</marc:subfield><marc:subfield code="2">sdnb</marc:subfield></marc:datafield><marc:datafield tag="084" ind1=" " ind2=" "><marc:subfield code="a">54.53</marc:subfield><marc:subfield code="9">Programmiersprachen</marc:subfield><marc:subfield code="2">bcl</marc:subfield></marc:datafield><marc:datafield tag="084" ind1=" " ind2=" "><marc:subfield code="a">54.55</marc:subfield><marc:subfield code="9">Auszeichnungssprachen</marc:subfield><marc:subfield code="2">bcl</marc:subfield></marc:datafield><marc:datafield tag="084" ind1=" " ind2=" "><marc:subfield code="a">54.65</marc:subfield><marc:subfield code="9">Webentwicklung</marc:subfield><marc:subfield code="2">bcl</marc:subfield></marc:datafield><marc:datafield tag="084" ind1=" " ind2=" "><marc:subfield code="a">ST 200</marc:subfield><marc:subfield code="2">rvk</marc:subfield></marc:datafield><marc:datafield tag="100" ind1="1" ind2=" "><marc:subfield code="a">Wenz, Christian</marc:subfield></marc:datafield><marc:datafield tag="245" ind1="1" ind2="0"><marc:subfield code="a">Jetzt lerne ich Dynamic Web-Publishing</marc:subfield><marc:subfield code="b">[einfache Web-Programmierung mit HTML, JavaScript, Perl, PHP und ASP ; Start ohne Vorwissen]</marc:subfield><marc:subfield code="c">Christian Wenz; Tobias Hauser</marc:subfield></marc:datafield><marc:datafield tag="246" ind1="3" ind2=" "><marc:subfield code="a">Dynamic Web-Publishing</marc:subfield></marc:datafield><marc:datafield tag="260" ind1="3" ind2=" "><marc:subfield code="a">München</marc:subfield><marc:subfield code="b">Markt + Technik Verl.</marc:subfield><marc:subfield code="c">2000</marc:subfield></marc:datafield><marc:datafield tag="300" ind1=" " ind2=" "><marc:subfield code="a">389 S</marc:subfield><marc:subfield code="b">graph. Darst</marc:subfield><marc:subfield code="c">24 cm</marc:subfield><marc:subfield code="e">1 CD-ROM</marc:subfield></marc:datafield><marc:datafield tag="650" ind1=" " ind2="7"><marc:subfield code="0">(DE-601)181366924</marc:subfield><marc:subfield code="0">(DE-588)4363898-3</marc:subfield><marc:subfield code="a">World Wide Web</marc:subfield><marc:subfield code="2">gnd</marc:subfield></marc:datafield><marc:datafield tag="650" ind1=" " ind2="7"><marc:subfield code="0">(DE-601)76720056X</marc:subfield><marc:subfield code="0">(DE-588)1041632088</marc:subfield><marc:subfield code="a">Webdesign</marc:subfield><marc:subfield code="2">gnd</marc:subfield></marc:datafield><marc:datafield tag="650" ind1=" " ind2="7"><marc:subfield code="0">(DE-601)184093600</marc:subfield><marc:subfield code="0">(DE-588)4373477-7</marc:subfield><marc:subfield code="a">HTML</marc:subfield><marc:subfield code="2">gnd</marc:subfield></marc:datafield><marc:datafield tag="650" ind1=" " ind2="7"><marc:subfield code="0">(DE-601)214188507</marc:subfield><marc:subfield code="0">(DE-588)4420180-1</marc:subfield><marc:subfield code="a">JavaScript</marc:subfield><marc:subfield code="2">gnd</marc:subfield></marc:datafield><marc:datafield tag="650" ind1=" " ind2="7"><marc:subfield code="0">(DE-601)239126793</marc:subfield><marc:subfield code="0">(DE-588)4484254-5</marc:subfield><marc:subfield code="a">Active Server Pages</marc:subfield><marc:subfield code="2">gnd</marc:subfield></marc:datafield><marc:datafield tag="650" ind1=" " ind2="7"><marc:subfield code="0">(DE-601)270082832</marc:subfield><marc:subfield code="0">(DE-588)4546126-0</marc:subfield><marc:subfield code="a">PHP</marc:subfield><marc:subfield code="2">gnd</marc:subfield></marc:datafield><marc:datafield tag="650" ind1=" " ind2="7"><marc:subfield code="0">(DE-601)123519713</marc:subfield><marc:subfield code="0">(DE-588)4307836-9</marc:subfield><marc:subfield code="a">Perl</marc:subfield><marc:subfield code="9">g:Programmiersprache</marc:subfield><marc:subfield code="2">gnd</marc:subfield></marc:datafield><marc:datafield tag="650" ind1=" " ind2="7"><marc:subfield code="0">(DE-601)181366924</marc:subfield><marc:subfield code="0">(DE-588)4363898-3</marc:subfield><marc:subfield code="a">World Wide Web</marc:subfield><marc:subfield code="2">gbv</marc:subfield></marc:datafield><marc:datafield tag="650" ind1=" " ind2="7"><marc:subfield code="0">(DE-601)76720056X</marc:subfield><marc:subfield code="0">(DE-588)1041632088</marc:subfield><marc:subfield code="a">Webdesign</marc:subfield><marc:subfield code="2">gbv</marc:subfield></marc:datafield><marc:datafield tag="650" ind1=" " ind2="7"><marc:subfield code="0">(DE-601)184093600</marc:subfield><marc:subfield code="0">(DE-588)4373477-7</marc:subfield><marc:subfield code="a">HTML</marc:subfield><marc:subfield code="2">gbv</marc:subfield></marc:datafield><marc:datafield tag="650" ind1=" " ind2="7"><marc:subfield code="0">(DE-601)214188507</marc:subfield><marc:subfield code="0">(DE-588)4420180-1</marc:subfield><marc:subfield code="a">JavaScript</marc:subfield><marc:subfield code="2">gbv</marc:subfield></marc:datafield><marc:datafield tag="650" ind1=" " ind2="7"><marc:subfield code="0">(DE-601)239126793</marc:subfield><marc:subfield code="0">(DE-588)4484254-5</marc:subfield><marc:subfield code="a">Active Server Pages</marc:subfield><marc:subfield code="2">gbv</marc:subfield></marc:datafield><marc:datafield tag="650" ind1=" " ind2="7"><marc:subfield code="0">(DE-601)270082832</marc:subfield><marc:subfield code="0">(DE-588)4546126-0</marc:subfield><marc:subfield code="a">PHP</marc:subfield><marc:subfield code="2">gbv</marc:subfield></marc:datafield><marc:datafield tag="650" ind1=" " ind2="7"><marc:subfield code="0">(DE-601)123519713</marc:subfield><marc:subfield code="0">(DE-588)4307836-9</marc:subfield><marc:subfield code="a">Perl</marc:subfield><marc:subfield code="9">g:Programmiersprache</marc:subfield><marc:subfield code="2">gbv</marc:subfield></marc:datafield><marc:datafield tag="653" ind1=" " ind2="7"><marc:subfield code="a">30m;30</marc:subfield><marc:subfield code="2">gnd</marc:subfield></marc:datafield><marc:datafield tag="653" ind1=" " ind2="7"><marc:subfield code="a">30m</marc:subfield><marc:subfield code="2">gnd</marc:subfield></marc:datafield><marc:datafield tag="653" ind1=" " ind2="7"><marc:subfield code="a">30m</marc:subfield><marc:subfield code="2">gnd</marc:subfield></marc:datafield><marc:datafield tag="653" ind1=" " ind2="7"><marc:subfield code="a">30m</marc:subfield><marc:subfield code="2">gnd</marc:subfield></marc:datafield><marc:datafield tag="653" ind1=" " ind2="7"><marc:subfield code="a">30m</marc:subfield><marc:subfield code="2">gnd</marc:subfield></marc:datafield><marc:datafield tag="653" ind1=" " ind2="7"><marc:subfield code="a">30m</marc:subfield><marc:subfield code="2">gnd</marc:subfield></marc:datafield><marc:datafield tag="689" ind1="0" ind2="0"><marc:subfield code="0">(DE-601)181366924</marc:subfield><marc:subfield code="0">(DE-588)4363898-3</marc:subfield><marc:subfield code="a">World Wide Web</marc:subfield></marc:datafield><marc:datafield tag="689" ind1="0" ind2="1"><marc:subfield code="0">(DE-601)76720056X</marc:subfield><marc:subfield code="0">(DE-588)1041632088</marc:subfield><marc:subfield code="a">Webdesign</marc:subfield></marc:datafield><marc:datafield tag="689" ind1="1" ind2="0"><marc:subfield code="0">(DE-601)184093600</marc:subfield><marc:subfield code="0">(DE-588)4373477-7</marc:subfield><marc:subfield code="a">HTML</marc:subfield></marc:datafield><marc:datafield tag="689" ind1="2" ind2="0"><marc:subfield code="0">(DE-601)214188507</marc:subfield><marc:subfield code="0">(DE-588)4420180-1</marc:subfield><marc:subfield code="a">JavaScript</marc:subfield></marc:datafield><marc:datafield tag="689" ind1="3" ind2="0"><marc:subfield code="0">(DE-601)239126793</marc:subfield><marc:subfield code="0">(DE-588)4484254-5</marc:subfield><marc:subfield code="a">Active Server Pages</marc:subfield></marc:datafield><marc:datafield tag="689" ind1="4" ind2="0"><marc:subfield code="0">(DE-601)270082832</marc:subfield><marc:subfield code="0">(DE-588)4546126-0</marc:subfield><marc:subfield code="a">PHP</marc:subfield></marc:datafield><marc:datafield tag="689" ind1="5" ind2="0"><marc:subfield code="0">(DE-601)123519713</marc:subfield><marc:subfield code="0">(DE-588)4307836-9</marc:subfield><marc:subfield code="a">Perl</marc:subfield><marc:subfield code="9">g:Programmiersprache</marc:subfield></marc:datafield><marc:datafield tag="700" ind1="1" ind2=" "><marc:subfield code="a">Hauser, Tobias</marc:subfield><marc:subfield code="e">Author</marc:subfield><marc:subfield code="4">aut</marc:subfield></marc:datafield><marc:datafield tag="900" ind1=" " ind2=" "><marc:subfield code="a">GBV</marc:subfield><marc:subfield code="b">TUB Hamburg &lt;830&gt;</marc:subfield><marc:subfield code="d">!27! 2797-6586</marc:subfield></marc:datafield><marc:datafield tag="900" ind1=" " ind2=" "><marc:subfield code="a">GBV</marc:subfield><marc:subfield code="b">UB Rostock &lt;28&gt;</marc:subfield><marc:subfield code="d">!28/BB1! ST 201 W78 W482</marc:subfield><marc:subfield code="x">N</marc:subfield><marc:subfield code="z">N</marc:subfield><marc:subfield code="f">Handapparat</marc:subfield><marc:subfield code="d">!28/BB1! ST 201 W78 W482</marc:subfield><marc:subfield code="x">N</marc:subfield><marc:subfield code="z">N</marc:subfield><marc:subfield code="f">Handapparat</marc:subfield><marc:subfield code="d">!28/BB1-NBM! ST 201 W78 W482-CD</marc:subfield><marc:subfield code="x">L</marc:subfield><marc:subfield code="z">LC</marc:subfield><marc:subfield code="f">CD-ROM</marc:subfield></marc:datafield><marc:datafield tag="900" ind1=" " ind2=" "><marc:subfield code="a">GBV</marc:subfield><marc:subfield code="b">TIB/UB Hannover &lt;89&gt;</marc:subfield><marc:subfield code="d">T 00 B 4563</marc:subfield><marc:subfield code="x">L</marc:subfield><marc:subfield code="z">LC</marc:subfield></marc:datafield><marc:datafield tag="900" ind1=" " ind2=" "><marc:subfield code="a">GBV</marc:subfield><marc:subfield code="b">HS Merseburg &lt;542&gt;</marc:subfield><marc:subfield code="d">!FH! 54.53e 103&lt;1&gt;/1</marc:subfield><marc:subfield code="x">L</marc:subfield><marc:subfield code="z">LC</marc:subfield><marc:subfield code="s">3095/1</marc:subfield><marc:subfield code="d">FH 2000:5382</marc:subfield><marc:subfield code="f">Buch</marc:subfield><marc:subfield code="d">!FH! 54.53e 103(CD)&lt;1&gt;/1</marc:subfield><marc:subfield code="x">L</marc:subfield><marc:subfield code="z">LC</marc:subfield><marc:subfield code="s">3095/1</marc:subfield><marc:subfield code="d">FH 2000:5382</marc:subfield><marc:subfield code="f">CD-ROM</marc:subfield></marc:datafield><marc:datafield tag="900" ind1=" " ind2=" "><marc:subfield code="a">GBV</marc:subfield><marc:subfield code="b">MZB Magdeburg &lt;Ma 14&gt;</marc:subfield><marc:subfield code="d">ZB -1195-038</marc:subfield><marc:subfield code="x">L</marc:subfield><marc:subfield code="z">LC</marc:subfield><marc:subfield code="f">Buch</marc:subfield><marc:subfield code="d">ZB -1195-038 (CD)</marc:subfield><marc:subfield code="x">L</marc:subfield><marc:subfield code="z">LC</marc:subfield><marc:subfield code="f">CD-ROM</marc:subfield></marc:datafield><marc:datafield tag="900" ind1=" " ind2=" "><marc:subfield code="a">GBV</marc:subfield><marc:subfield code="b">LB Oldenburg &lt;45&gt;</marc:subfield><marc:subfield code="d">00-4581</marc:subfield><marc:subfield code="x">L</marc:subfield><marc:subfield code="z">LC</marc:subfield></marc:datafield><marc:datafield tag="900" ind1=" " ind2=" "><marc:subfield code="a">GBV</marc:subfield><marc:subfield code="b">HS Osnabrueck &lt;959&gt;</marc:subfield><marc:subfield code="d">!W! TWM 107 255</marc:subfield><marc:subfield code="x">L</marc:subfield><marc:subfield code="z">LC</marc:subfield><marc:subfield code="s">0959/1</marc:subfield><marc:subfield code="d">!H! TWV 112</marc:subfield><marc:subfield code="x">L</marc:subfield><marc:subfield code="z">LC</marc:subfield><marc:subfield code="s">0959/2</marc:subfield></marc:datafield><marc:datafield tag="900" ind1=" " ind2=" "><marc:subfield code="a">GBV</marc:subfield><marc:subfield code="b">FH Erfurt &lt;546&gt;</marc:subfield><marc:subfield code="d">!I! ST 240 W482</marc:subfield><marc:subfield code="x">N</marc:subfield><marc:subfield code="z">N</marc:subfield></marc:datafield><marc:datafield tag="900" ind1=" " ind2=" "><marc:subfield code="a">GBV</marc:subfield><marc:subfield code="b">FH Stralsund &lt;Sra 5&gt;</marc:subfield><marc:subfield code="d">ST 250 W22 W482</marc:subfield><marc:subfield code="x">L</marc:subfield><marc:subfield code="z">LC</marc:subfield></marc:datafield><marc:datafield tag="900" ind1=" " ind2=" "><marc:subfield code="a">GBV</marc:subfield><marc:subfield code="b">FH Harz &lt;527&gt;</marc:subfield><marc:subfield code="d">!LS1! ETS 421 0417-01</marc:subfield><marc:subfield code="x">L</marc:subfield><marc:subfield code="z">LC</marc:subfield><marc:subfield code="s">0527/0001</marc:subfield><marc:subfield code="f">Buch</marc:subfield><marc:subfield code="d">!LS1! ETS 421 0417-02</marc:subfield><marc:subfield code="x">L</marc:subfield><marc:subfield code="z">LC</marc:subfield><marc:subfield code="s">0527/0001</marc:subfield><marc:subfield code="f">CD-ROM</marc:subfield></marc:datafield><marc:datafield tag="951" ind1=" " ind2=" "><marc:subfield code="a">1195.00</marc:subfield><marc:subfield code="2">101</marc:subfield></marc:datafield><marc:datafield tag="951" ind1=" " ind2=" "><marc:subfield code="a">Kyb 185</marc:subfield><marc:subfield code="2">121</marc:subfield></marc:datafield><marc:datafield tag="951" ind1=" " ind2=" "><marc:subfield code="a">mp</marc:subfield><marc:subfield code="2">121</marc:subfield></marc:datafield><marc:datafield tag="951" ind1=" " ind2=" "><marc:subfield code="a">ST 240</marc:subfield><marc:subfield code="2">151</marc:subfield></marc:datafield><marc:datafield tag="951" ind1=" " ind2=" "><marc:subfield code="a">ST 250 W22</marc:subfield><marc:subfield code="2">185</marc:subfield></marc:datafield><marc:datafield tag="954" ind1=" " ind2=" "><marc:subfield code="a">23</marc:subfield><marc:subfield code="b">404335187</marc:subfield><marc:subfield code="c">01</marc:subfield><marc:subfield code="f">27</marc:subfield><marc:subfield code="d">2797-6586</marc:subfield><marc:subfield code="x">0830</marc:subfield></marc:datafield><marc:datafield tag="954" ind1=" " ind2=" "><marc:subfield code="a">62</marc:subfield><marc:subfield code="b">414182014</marc:subfield><marc:subfield code="c">01</marc:subfield><marc:subfield code="f">28/BB1</marc:subfield><marc:subfield code="d">ST 201 W78 W482</marc:subfield><marc:subfield code="e">g</marc:subfield><marc:subfield code="k">Handapparat</marc:subfield><marc:subfield code="x">0028</marc:subfield></marc:datafield><marc:datafield tag="954" ind1=" " ind2=" "><marc:subfield code="a">62</marc:subfield><marc:subfield code="b">47341824X</marc:subfield><marc:subfield code="c">02</marc:subfield><marc:subfield code="f">28/BB1</marc:subfield><marc:subfield code="d">ST 201 W78 W482</marc:subfield><marc:subfield code="e">g</marc:subfield><marc:subfield code="k">Handapparat</marc:subfield><marc:subfield code="x">0028</marc:subfield></marc:datafield><marc:datafield tag="954" ind1=" " ind2=" "><marc:subfield code="a">62</marc:subfield><marc:subfield code="b">494651970</marc:subfield><marc:subfield code="c">04</marc:subfield><marc:subfield code="f">28/BB1-NBM</marc:subfield><marc:subfield code="d">ST 201 W78 W482-CD</marc:subfield><marc:subfield code="e">u</marc:subfield><marc:subfield code="k">CD-ROM</marc:subfield><marc:subfield code="x">0028</marc:subfield></marc:datafield><marc:datafield tag="954" ind1=" " ind2=" "><marc:subfield code="a">70</marc:subfield><marc:subfield code="b">398834474</marc:subfield><marc:subfield code="c">01</marc:subfield><marc:subfield code="d">T 00 B 4563</marc:subfield><marc:subfield code="e">u</marc:subfield><marc:subfield code="x">0089</marc:subfield></marc:datafield><marc:datafield tag="954" ind1=" " ind2=" "><marc:subfield code="a">95</marc:subfield><marc:subfield code="b">403234956</marc:subfield><marc:subfield code="c">01</marc:subfield><marc:subfield code="f">FH</marc:subfield><marc:subfield code="d">54.53e 103&lt;1&gt;/1</marc:subfield><marc:subfield code="e">u</marc:subfield><marc:subfield code="d">FH 2000:5382</marc:subfield><marc:subfield code="k">Buch</marc:subfield><marc:subfield code="x">3095/1</marc:subfield></marc:datafield><marc:datafield tag="954" ind1=" " ind2=" "><marc:subfield code="a">95</marc:subfield><marc:subfield code="b">415098297</marc:subfield><marc:subfield code="c">02</marc:subfield><marc:subfield code="f">FH</marc:subfield><marc:subfield code="d">54.53e 103(CD)&lt;1&gt;/1</marc:subfield><marc:subfield code="e">u</marc:subfield><marc:subfield code="d">FH 2000:5382</marc:subfield><marc:subfield code="k">CD-ROM</marc:subfield><marc:subfield code="x">3095/1</marc:subfield></marc:datafield><marc:datafield tag="954" ind1=" " ind2=" "><marc:subfield code="a">101</marc:subfield><marc:subfield code="b">392083027</marc:subfield><marc:subfield code="c">01</marc:subfield><marc:subfield code="d">ZB -1195-038</marc:subfield><marc:subfield code="e">u</marc:subfield><marc:subfield code="k">Buch</marc:subfield><marc:subfield code="x">3101</marc:subfield></marc:datafield><marc:datafield tag="954" ind1=" " ind2=" "><marc:subfield code="a">101</marc:subfield><marc:subfield code="b">394601971</marc:subfield><marc:subfield code="c">02</marc:subfield><marc:subfield code="d">ZB -1195-038 (CD)</marc:subfield><marc:subfield code="e">u</marc:subfield><marc:subfield code="k">CD-ROM</marc:subfield><marc:subfield code="x">3101</marc:subfield></marc:datafield><marc:datafield tag="954" ind1=" " ind2=" "><marc:subfield code="a">121</marc:subfield><marc:subfield code="b">787057568</marc:subfield><marc:subfield code="c">01</marc:subfield><marc:subfield code="d">00-4581</marc:subfield><marc:subfield code="e">u</marc:subfield><marc:subfield code="x">0045</marc:subfield></marc:datafield><marc:datafield tag="954" ind1=" " ind2=" "><marc:subfield code="a">132</marc:subfield><marc:subfield code="b">502712406</marc:subfield><marc:subfield code="c">01</marc:subfield><marc:subfield code="f">W</marc:subfield><marc:subfield code="d">TWM 107 255</marc:subfield><marc:subfield code="e">u</marc:subfield><marc:subfield code="x">0959/1</marc:subfield></marc:datafield><marc:datafield tag="954" ind1=" " ind2=" "><marc:subfield code="a">132</marc:subfield><marc:subfield code="b">518249514</marc:subfield><marc:subfield code="c">02</marc:subfield><marc:subfield code="f">H</marc:subfield><marc:subfield code="d">TWV 112</marc:subfield><marc:subfield code="e">u</marc:subfield><marc:subfield code="x">0959/2</marc:subfield></marc:datafield><marc:datafield tag="954" ind1=" " ind2=" "><marc:subfield code="a">151</marc:subfield><marc:subfield code="b">613620038</marc:subfield><marc:subfield code="c">01</marc:subfield><marc:subfield code="f">I</marc:subfield><marc:subfield code="d">ST 240 W482</marc:subfield><marc:subfield code="e">g</marc:subfield><marc:subfield code="x">0546</marc:subfield></marc:datafield><marc:datafield tag="954" ind1=" " ind2=" "><marc:subfield code="a">185</marc:subfield><marc:subfield code="b">422338575</marc:subfield><marc:subfield code="c">01</marc:subfield><marc:subfield code="d">ST 250 W22 W482</marc:subfield><marc:subfield code="e">u</marc:subfield><marc:subfield code="x">3519</marc:subfield></marc:datafield><marc:datafield tag="954" ind1=" " ind2=" "><marc:subfield code="a">231</marc:subfield><marc:subfield code="b">393712249</marc:subfield><marc:subfield code="c">01</marc:subfield><marc:subfield code="f">LS1</marc:subfield><marc:subfield code="d">ETS 421 0417-01</marc:subfield><marc:subfield code="e">u</marc:subfield><marc:subfield code="k">Buch</marc:subfield><marc:subfield code="x">0527/0001</marc:subfield></marc:datafield><marc:datafield tag="954" ind1=" " ind2=" "><marc:subfield code="a">231</marc:subfield><marc:subfield code="b">400800209</marc:subfield><marc:subfield code="c">02</marc:subfield><marc:subfield code="f">LS1</marc:subfield><marc:subfield code="d">ETS 421 0417-02</marc:subfield><marc:subfield code="e">u</marc:subfield><marc:subfield code="k">CD-ROM</marc:subfield><marc:subfield code="x">0527/0001</marc:subfield></marc:datafield></marc:record>