
<marc:record><marc:leader>01918nam a2200493 c 4500</marc:leader>
<marc:controlfield tag="001">31181901X</marc:controlfield>
<marc:controlfield tag="003">DE-601</marc:controlfield><marc:controlfield tag="005">20130217031244.0</marc:controlfield><marc:controlfield tag="008">000410s2000                  000 0 ger d</marc:controlfield><marc:datafield tag="020" ind1=" " ind2=" "><marc:subfield code="a">3930673622</marc:subfield><marc:subfield code="9">3-930673-62-2</marc:subfield></marc:datafield><marc:datafield tag="035" ind1=" " ind2=" "><marc:subfield code="a">(OCoLC)247168181</marc:subfield></marc:datafield><marc:datafield tag="035" ind1=" " ind2=" "><marc:subfield code="a">(DE-599)GBV31181901X</marc:subfield></marc:datafield><marc:datafield tag="040" ind1=" " ind2=" "><marc:subfield code="a">GBVCP</marc:subfield><marc:subfield code="b">ger</marc:subfield><marc:subfield code="c">GBVCP</marc:subfield><marc:subfield code="e">rakwb</marc:subfield></marc:datafield><marc:datafield tag="041" ind1="0" ind2=" "><marc:subfield code="a">ger</marc:subfield></marc:datafield><marc:datafield tag="044" ind1=" " ind2=" "><marc:subfield code="a">cc</marc:subfield><marc:subfield code="a">xxk</marc:subfield><marc:subfield code="a">gw</marc:subfield></marc:datafield><marc:datafield tag="084" ind1=" " ind2=" "><marc:subfield code="a">28</marc:subfield><marc:subfield code="2">sdnb</marc:subfield></marc:datafield><marc:datafield tag="084" ind1=" " ind2=" "><marc:subfield code="a">54.10</marc:subfield><marc:subfield code="9">Theoretische Informatik</marc:subfield><marc:subfield code="2">bcl</marc:subfield></marc:datafield><marc:datafield tag="084" ind1=" " ind2=" "><marc:subfield code="a">ST 238</marc:subfield><marc:subfield code="2">rvk</marc:subfield></marc:datafield><marc:datafield tag="084" ind1=" " ind2=" "><marc:subfield code="a">ST 240</marc:subfield><marc:subfield code="2">rvk</marc:subfield></marc:datafield><marc:datafield tag="084" ind1=" " ind2=" "><marc:subfield code="a">ST 250</marc:subfield><marc:subfield code="2">rvk</marc:subfield></marc:datafield><marc:datafield tag="084" ind1=" " ind2=" "><marc:subfield code="a">ST 250 P30</marc:subfield><marc:subfield code="2">rvk</marc:subfield></marc:datafield><marc:datafield tag="100" ind1="1" ind2=" "><marc:subfield code="a">Friedl, Jeffrey E. F.</marc:subfield></marc:datafield><marc:datafield tag="240" ind1="1" ind2="0"><marc:subfield code="a">Mastering regular expressions &lt;dt.&gt;</marc:subfield></marc:datafield><marc:datafield tag="245" ind1="1" ind2="0"><marc:subfield code="a">Reguläre Ausdrücke</marc:subfield><marc:subfield code="c">Jeffrey E. F. Friedl. Dt. Übers. von Andreas Karrer</marc:subfield></marc:datafield><marc:datafield tag="250" ind1=" " ind2=" "><marc:subfield code="a">Dt. Ausg., 1. Aufl. 1., korr. Nachdr.</marc:subfield></marc:datafield><marc:datafield tag="260" ind1="3" ind2=" "><marc:subfield code="a">Beijing [u.a.]</marc:subfield><marc:subfield code="b">O'Reilly</marc:subfield><marc:subfield code="c">2000</marc:subfield></marc:datafield><marc:datafield tag="300" ind1=" " ind2=" "><marc:subfield code="a">XXVII, 350 S.</marc:subfield><marc:subfield code="b">graph. Darst.</marc:subfield><marc:subfield code="c">23 cm</marc:subfield></marc:datafield><marc:datafield tag="500" ind1=" " ind2=" "><marc:subfield code="a">Literaturangaben</marc:subfield></marc:datafield><marc:datafield tag="650" ind1=" " ind2="7"><marc:subfield code="0">(DE-601)123519713</marc:subfield><marc:subfield code="0">(DE-588)4307836-9</marc:subfield><marc:subfield code="a">Perl</marc:subfield><marc:subfield code="9">g:Programmiersprache</marc:subfield><marc:subfield code="2">gnd</marc:subfield></marc:datafield><marc:datafield tag="650" ind1=" " ind2="7"><marc:subfield code="0">(DE-601)105599522</marc:subfield><marc:subfield code="0">(DE-588)4144277-5</marc:subfield><marc:subfield code="a">Befehl</marc:subfield><marc:subfield code="2">gnd</marc:subfield></marc:datafield><marc:datafield tag="650" ind1=" " ind2="7"><marc:subfield code="0">(DE-601)245463658</marc:subfield><marc:subfield code="0">(DE-588)4506116-6</marc:subfield><marc:subfield code="a">Regulärer Ausdruck</marc:subfield><marc:subfield code="2">gbv</marc:subfield></marc:datafield><marc:datafield tag="689" ind1="0" ind2="0"><marc:subfield code="0">(DE-601)123519713</marc:subfield><marc:subfield code="0">(DE-588)4307836-9</marc:subfield><marc:subfield code="a">Perl</marc:subfield><marc:subfield code="9">g:Programmiersprache</marc:subfield></marc:datafield><marc:datafield tag="689" ind1="0" ind2="1"><marc:subfield code="0">(DE-601)105599522</marc:subfield><marc:subfield code="0">(DE-588)4144277-5</marc:subfield><marc:subfield code="a">Befehl</marc:subfield></marc:datafield><marc:datafield tag="689" ind1="0" ind2=" "><marc:subfield code="5">DE-101</marc:subfield></marc:datafield><marc:datafield tag="700" ind1="1" ind2=" "><marc:subfield code="a">Karrer, Andreas</marc:subfield></marc:datafield><marc:datafield tag="900" ind1=" " ind2=" "><marc:subfield code="a">GBV</marc:subfield><marc:subfield code="b">UB Rostock &lt;28&gt;</marc:subfield><marc:subfield code="d">!Wa1! Az-389</marc:subfield><marc:subfield code="x">N</marc:subfield><marc:subfield code="z">N</marc:subfield><marc:subfield code="s">0028/1</marc:subfield></marc:datafield><marc:datafield tag="900" ind1=" " ind2=" "><marc:subfield code="a">GBV</marc:subfield><marc:subfield code="b">UB Weimar &lt;Wim 2&gt;</marc:subfield><marc:subfield code="d">!F+2! Hl 6510/45</marc:subfield><marc:subfield code="x">L</marc:subfield><marc:subfield code="z">LC</marc:subfield><marc:subfield code="d">173 187</marc:subfield></marc:datafield><marc:datafield tag="900" ind1=" " ind2=" "><marc:subfield code="a">GBV</marc:subfield><marc:subfield code="b">UB Osnabrück &lt;700&gt;</marc:subfield><marc:subfield code="d">!N! TXK / Son / Fri</marc:subfield><marc:subfield code="x">L</marc:subfield><marc:subfield code="z">LC</marc:subfield></marc:datafield><marc:datafield tag="900" ind1=" " ind2=" "><marc:subfield code="a">GBV</marc:subfield><marc:subfield code="b">Berufsakad. Thür. Gera &lt;Ga 20&gt;</marc:subfield><marc:subfield code="d">!FH! 54.10 Fr/Informatik</marc:subfield><marc:subfield code="x">N</marc:subfield><marc:subfield code="z">N</marc:subfield></marc:datafield><marc:datafield tag="951" ind1=" " ind2=" "><marc:subfield code="a">Hl 6510</marc:subfield><marc:subfield code="2">63</marc:subfield></marc:datafield><marc:datafield tag="954" ind1=" " ind2=" "><marc:subfield code="a">62</marc:subfield><marc:subfield code="b">414747003</marc:subfield><marc:subfield code="c">01</marc:subfield><marc:subfield code="f">Wa1</marc:subfield><marc:subfield code="d">Az-389</marc:subfield><marc:subfield code="e">i</marc:subfield><marc:subfield code="x">0028/1</marc:subfield></marc:datafield><marc:datafield tag="954" ind1=" " ind2=" "><marc:subfield code="a">63</marc:subfield><marc:subfield code="b">392464306</marc:subfield><marc:subfield code="c">01</marc:subfield><marc:subfield code="f">F+2</marc:subfield><marc:subfield code="d">Hl 6510/45</marc:subfield><marc:subfield code="e">b</marc:subfield><marc:subfield code="d">173 187</marc:subfield><marc:subfield code="x">3401</marc:subfield></marc:datafield><marc:datafield tag="954" ind1=" " ind2=" "><marc:subfield code="a">130</marc:subfield><marc:subfield code="b">381905489</marc:subfield><marc:subfield code="c">01</marc:subfield><marc:subfield code="f">N</marc:subfield><marc:subfield code="d">TXK / Son / Fri</marc:subfield><marc:subfield code="e">u</marc:subfield><marc:subfield code="x">0700</marc:subfield></marc:datafield><marc:datafield tag="954" ind1=" " ind2=" "><marc:subfield code="a">250</marc:subfield><marc:subfield code="b">835210952</marc:subfield><marc:subfield code="c">01</marc:subfield><marc:subfield code="f">FH</marc:subfield><marc:subfield code="d">54.10 Fr/Informatik</marc:subfield><marc:subfield code="e">c</marc:subfield><marc:subfield code="x">3250</marc:subfield></marc:datafield></marc:record>