
<marc:record><marc:leader>04988nam a2201081 c 4500</marc:leader>
<marc:controlfield tag="001">308999991</marc:controlfield>
<marc:controlfield tag="003">DE-601</marc:controlfield><marc:controlfield tag="005">20141126084854.0</marc:controlfield><marc:controlfield tag="008">000117s2000                  000 0 ger d</marc:controlfield><marc:datafield tag="020" ind1=" " ind2=" "><marc:subfield code="a">3897211424</marc:subfield><marc:subfield code="c">DM 69.00</marc:subfield><marc:subfield code="9">3-89721-142-4</marc:subfield></marc:datafield><marc:datafield tag="035" ind1=" " ind2=" "><marc:subfield code="a">(OCoLC)76048155</marc:subfield></marc:datafield><marc:datafield tag="035" ind1=" " ind2=" "><marc:subfield code="a">(ZBM)0941.68013</marc:subfield></marc:datafield><marc:datafield tag="035" ind1=" " ind2=" "><marc:subfield code="a">(DE-599)GBV308999991</marc:subfield></marc:datafield><marc:datafield tag="040" ind1=" " ind2=" "><marc:subfield code="a">GBVCP</marc:subfield><marc:subfield code="b">ger</marc:subfield><marc:subfield code="c">GBVCP</marc:subfield><marc:subfield code="e">rakwb</marc:subfield></marc:datafield><marc:datafield tag="041" ind1="1" ind2=" "><marc:subfield code="a">ger</marc:subfield><marc:subfield code="h">eng</marc:subfield></marc:datafield><marc:datafield tag="044" ind1=" " ind2=" "><marc:subfield code="a">cc</marc:subfield><marc:subfield code="a">xxk</marc:subfield><marc:subfield code="a">gw</marc:subfield><marc:subfield code="a">fr</marc:subfield><marc:subfield code="a">ja</marc:subfield></marc:datafield><marc:datafield tag="084" ind1=" " ind2=" "><marc:subfield code="a">28</marc:subfield><marc:subfield code="2">sdnb</marc:subfield></marc:datafield><marc:datafield tag="084" ind1=" " ind2=" "><marc:subfield code="a">54.53</marc:subfield><marc:subfield code="9">Programmiersprachen</marc:subfield><marc:subfield code="2">bcl</marc:subfield></marc:datafield><marc:datafield tag="084" ind1=" " ind2=" "><marc:subfield code="a">ST 250 P30</marc:subfield><marc:subfield code="2">rvk</marc:subfield></marc:datafield><marc:datafield tag="084" ind1=" " ind2=" "><marc:subfield code="a">ST 260</marc:subfield><marc:subfield code="2">rvk</marc:subfield></marc:datafield><marc:datafield tag="084" ind1=" " ind2=" "><marc:subfield code="a">mat</marc:subfield><marc:subfield code="q">DE-601</marc:subfield><marc:subfield code="2">z</marc:subfield></marc:datafield><marc:datafield tag="100" ind1="1" ind2=" "><marc:subfield code="a">Walsh, Nancy</marc:subfield></marc:datafield><marc:datafield tag="240" ind1="1" ind2="0"><marc:subfield code="a">Learning Pearl/Tk &lt;dt.&gt;</marc:subfield></marc:datafield><marc:datafield tag="245" ind1="1" ind2="0"><marc:subfield code="a">Einführung in Perl/Tk</marc:subfield><marc:subfield code="c">Nancy Walsh. Dt. Übers. von Matthias Kalle Dalheimer</marc:subfield></marc:datafield><marc:datafield tag="250" ind1=" " ind2=" "><marc:subfield code="a">1. Aufl., dt. Ausg</marc:subfield></marc:datafield><marc:datafield tag="260" ind1="3" ind2=" "><marc:subfield code="a">Beijing [u.a.]</marc:subfield><marc:subfield code="b">O'Reilly</marc:subfield><marc:subfield code="c">2000</marc:subfield></marc:datafield><marc:datafield tag="300" ind1=" " ind2=" "><marc:subfield code="a">XV, 365 S</marc:subfield><marc:subfield code="b">Ill., graph. Darst</marc:subfield><marc:subfield code="c">23 cm</marc:subfield></marc:datafield><marc:datafield tag="500" ind1=" " ind2=" "><marc:subfield code="a">Aus d. Engl. übers</marc:subfield></marc:datafield><marc:datafield tag="650" ind1=" " ind2="7"><marc:subfield code="0">(DE-601)214186687</marc:subfield><marc:subfield code="0">(DE-588)4419978-8</marc:subfield><marc:subfield code="a">Perl 5</marc:subfield><marc:subfield code="2">gnd</marc:subfield></marc:datafield><marc:datafield tag="650" ind1=" " ind2="7"><marc:subfield code="0">(DE-601)181321955</marc:subfield><marc:subfield code="0">(DE-588)4361526-0</marc:subfield><marc:subfield code="a">Tk</marc:subfield><marc:subfield code="2">gnd</marc:subfield></marc:datafield><marc:datafield tag="650" ind1=" " ind2="7"><marc:subfield code="0">(DE-601)265373514</marc:subfield><marc:subfield code="0">(DE-588)4532318-5</marc:subfield><marc:subfield code="a">Widget</marc:subfield><marc:subfield code="2">gnd</marc:subfield></marc:datafield><marc:datafield tag="650" ind1=" " ind2="7"><marc:subfield code="0">(DE-601)214186687</marc:subfield><marc:subfield code="0">(DE-588)4419978-8</marc:subfield><marc:subfield code="a">Perl 5</marc:subfield><marc:subfield code="2">gbv</marc:subfield></marc:datafield><marc:datafield tag="650" ind1=" " ind2="7"><marc:subfield code="0">(DE-601)181321955</marc:subfield><marc:subfield code="0">(DE-588)4361526-0</marc:subfield><marc:subfield code="a">Tk</marc:subfield><marc:subfield code="2">gbv</marc:subfield></marc:datafield><marc:datafield tag="650" ind1=" " ind2="7"><marc:subfield code="0">(DE-601)265373514</marc:subfield><marc:subfield code="0">(DE-588)4532318-5</marc:subfield><marc:subfield code="a">Widget</marc:subfield><marc:subfield code="2">gbv</marc:subfield></marc:datafield><marc:datafield tag="689" ind1="0" ind2="0"><marc:subfield code="0">(DE-601)214186687</marc:subfield><marc:subfield code="0">(DE-588)4419978-8</marc:subfield><marc:subfield code="a">Perl 5</marc:subfield></marc:datafield><marc:datafield tag="689" ind1="0" ind2="1"><marc:subfield code="0">(DE-601)181321955</marc:subfield><marc:subfield code="0">(DE-588)4361526-0</marc:subfield><marc:subfield code="a">Tk</marc:subfield></marc:datafield><marc:datafield tag="689" ind1="0" ind2="2"><marc:subfield code="0">(DE-601)265373514</marc:subfield><marc:subfield code="0">(DE-588)4532318-5</marc:subfield><marc:subfield code="a">Widget</marc:subfield></marc:datafield><marc:datafield tag="689" ind1="0" ind2=" "><marc:subfield code="5">DE-101</marc:subfield></marc:datafield><marc:datafield tag="700" ind1="1" ind2=" "><marc:subfield code="a">Dalheimer, Matthias Kalle</marc:subfield></marc:datafield><marc:datafield tag="856" ind1="4" ind2="2"><marc:subfield code="y">Inhaltsverzeichnis</marc:subfield><marc:subfield code="u">http://www.gbv.de/du/services/toc/bs/308999991</marc:subfield><marc:subfield code="m">V:DE-601;DE-84</marc:subfield><marc:subfield code="3">Inhaltsverzeichnis</marc:subfield></marc:datafield><marc:datafield tag="856" ind1="4" ind2="2"><marc:subfield code="y">Zentralblatt MATH</marc:subfield><marc:subfield code="u">http://zbmath.org/?q=an:0941.68013</marc:subfield><marc:subfield code="m">V:DE-601;ZBM</marc:subfield><marc:subfield code="3">Inhaltstext</marc:subfield></marc:datafield><marc:datafield tag="856" ind1="4" ind2="2"><marc:subfield code="y">Zentralblatt MATH</marc:subfield><marc:subfield code="u">http://zbmath.org/?q=an:0941.68013</marc:subfield><marc:subfield code="m">V:DE-601;ZBM</marc:subfield><marc:subfield code="3">Inhaltstext</marc:subfield></marc:datafield><marc:datafield tag="900" ind1=" " ind2=" "><marc:subfield code="a">GBV</marc:subfield><marc:subfield code="b">UB Braunschweig &lt;84&gt;</marc:subfield><marc:subfield code="d">!LS1! CS J 586</marc:subfield><marc:subfield code="x">L</marc:subfield><marc:subfield code="z">LC</marc:subfield><marc:subfield code="d">2873-6398</marc:subfield><marc:subfield code="x">L</marc:subfield><marc:subfield code="z">LC</marc:subfield><marc:subfield code="d">!L4! CP-218</marc:subfield><marc:subfield code="x">N</marc:subfield><marc:subfield code="z">N</marc:subfield></marc:datafield><marc:datafield tag="900" ind1=" " ind2=" "><marc:subfield code="a">GBV</marc:subfield><marc:subfield code="b">SUB Bremen &lt;46&gt;</marc:subfield><marc:subfield code="d">!TB Technik! n 449/140</marc:subfield><marc:subfield code="x">N</marc:subfield><marc:subfield code="z">N</marc:subfield><marc:subfield code="f">Standort: Hr. Backhus / Fak. 4 / E 400</marc:subfield></marc:datafield><marc:datafield tag="900" ind1=" " ind2=" "><marc:subfield code="a">GBV</marc:subfield><marc:subfield code="b">SUB+Uni Hamburg &lt;18&gt;</marc:subfield><marc:subfield code="d">!18/306! DAT-S W 3</marc:subfield><marc:subfield code="x">L</marc:subfield><marc:subfield code="z">LC</marc:subfield><marc:subfield code="d">!18/306! DAT-S W 3</marc:subfield><marc:subfield code="x">N</marc:subfield><marc:subfield code="z">N</marc:subfield><marc:subfield code="d">IfG Teßmer</marc:subfield><marc:subfield code="f">Sonderstandort ausserhalb der Bibliothek</marc:subfield><marc:subfield code="d">!18/306!  DAT-S Wal b</marc:subfield><marc:subfield code="x">L</marc:subfield><marc:subfield code="z">LC</marc:subfield></marc:datafield><marc:datafield tag="900" ind1=" " ind2=" "><marc:subfield code="a">GBV</marc:subfield><marc:subfield code="b">UB Kiel &lt;8&gt;</marc:subfield><marc:subfield code="d">!10 inf 642! Db 7575</marc:subfield><marc:subfield code="x">L</marc:subfield><marc:subfield code="z">LC</marc:subfield><marc:subfield code="s">8</marc:subfield></marc:datafield><marc:datafield tag="900" ind1=" " ind2=" "><marc:subfield code="a">GBV</marc:subfield><marc:subfield code="b">HAW Hamburg</marc:subfield><marc:subfield code="d">!18/302! Dat 346 PER 17</marc:subfield><marc:subfield code="x">N</marc:subfield><marc:subfield code="z">N</marc:subfield></marc:datafield><marc:datafield tag="900" ind1=" " ind2=" "><marc:subfield code="a">GBV</marc:subfield><marc:subfield code="b">UB Weimar &lt;Wim 2&gt;</marc:subfield><marc:subfield code="d">!F+2! Hl 6510/44</marc:subfield><marc:subfield code="x">L</marc:subfield><marc:subfield code="z">LC</marc:subfield><marc:subfield code="d">164 341</marc:subfield></marc:datafield><marc:datafield tag="900" ind1=" " ind2=" "><marc:subfield code="a">GBV</marc:subfield><marc:subfield code="b">UB Greifswald &lt;9&gt;</marc:subfield><marc:subfield code="d">!UB 660! 660/ST 250 P30 W226</marc:subfield><marc:subfield code="x">L</marc:subfield><marc:subfield code="z">LC</marc:subfield></marc:datafield><marc:datafield tag="900" ind1=" " ind2=" "><marc:subfield code="a">GBV</marc:subfield><marc:subfield code="b">TIB/UB Hannover &lt;89&gt;</marc:subfield><marc:subfield code="d">T 00 B 646</marc:subfield><marc:subfield code="x">L</marc:subfield><marc:subfield code="z">LC</marc:subfield></marc:datafield><marc:datafield tag="900" ind1=" " ind2=" "><marc:subfield code="a">GBV</marc:subfield><marc:subfield code="b">UB Hildesheim &lt;Hil 2&gt;</marc:subfield><marc:subfield code="d">CSC 384 : W06</marc:subfield><marc:subfield code="x">L</marc:subfield><marc:subfield code="z">LC</marc:subfield></marc:datafield><marc:datafield tag="900" ind1=" " ind2=" "><marc:subfield code="a">GBV</marc:subfield><marc:subfield code="b">UB Magdeburg &lt;Ma 9&gt;</marc:subfield><marc:subfield code="d">!FH! 2000.00238:1</marc:subfield><marc:subfield code="x">L</marc:subfield><marc:subfield code="z">LC</marc:subfield><marc:subfield code="d">!FH! 2000.00238:2</marc:subfield><marc:subfield code="x">L</marc:subfield><marc:subfield code="z">LC</marc:subfield><marc:subfield code="d">!FH! 2000.00238:4</marc:subfield><marc:subfield code="x">L</marc:subfield><marc:subfield code="z">LC</marc:subfield></marc:datafield><marc:datafield tag="900" ind1=" " ind2=" "><marc:subfield code="a">GBV</marc:subfield><marc:subfield code="b">HS Wismar &lt;Wis 1&gt;</marc:subfield><marc:subfield code="d">2000 A 1683</marc:subfield><marc:subfield code="x">L</marc:subfield><marc:subfield code="z">LC</marc:subfield></marc:datafield><marc:datafield tag="900" ind1=" " ind2=" "><marc:subfield code="a">GBV</marc:subfield><marc:subfield code="b">Jade HSB Wilhelmshaven &lt;839&gt;</marc:subfield><marc:subfield code="d">FMBA 095</marc:subfield><marc:subfield code="x">L</marc:subfield><marc:subfield code="z">LC</marc:subfield></marc:datafield><marc:datafield tag="900" ind1=" " ind2=" "><marc:subfield code="a">GBV</marc:subfield><marc:subfield code="b">EAH Jena &lt;J 59&gt;</marc:subfield><marc:subfield code="d">54.53,1131-00/11334</marc:subfield><marc:subfield code="x">L</marc:subfield><marc:subfield code="z">LC</marc:subfield></marc:datafield><marc:datafield tag="900" ind1=" " ind2=" "><marc:subfield code="a">GBV</marc:subfield><marc:subfield code="b">FH Stralsund &lt;Sra 5&gt;</marc:subfield><marc:subfield code="d">ST 250 P30 W226</marc:subfield><marc:subfield code="x">L</marc:subfield><marc:subfield code="z">LC</marc:subfield></marc:datafield><marc:datafield tag="900" ind1=" " ind2=" "><marc:subfield code="a">GBV</marc:subfield><marc:subfield code="b">FH Harz &lt;527&gt;</marc:subfield><marc:subfield code="d">!LS1! EIC 460 0415</marc:subfield><marc:subfield code="x">L</marc:subfield><marc:subfield code="z">LC</marc:subfield><marc:subfield code="s">0527/0001</marc:subfield></marc:datafield><marc:datafield tag="900" ind1=" " ind2=" "><marc:subfield code="a">GBV</marc:subfield><marc:subfield code="b">HCU Hamburg &lt;1373&gt;</marc:subfield><marc:subfield code="d">!CN-U! Uky 34</marc:subfield><marc:subfield code="x">L</marc:subfield><marc:subfield code="z">LC</marc:subfield></marc:datafield><marc:datafield tag="950" ind1=" " ind2=" "><marc:subfield code="a">Perl 5</marc:subfield><marc:subfield code="2">136</marc:subfield></marc:datafield><marc:datafield tag="950" ind1=" " ind2=" "><marc:subfield code="a">Tk</marc:subfield><marc:subfield code="2">136</marc:subfield></marc:datafield><marc:datafield tag="950" ind1=" " ind2=" "><marc:subfield code="a">Widget</marc:subfield><marc:subfield code="2">136</marc:subfield></marc:datafield><marc:datafield tag="950" ind1=" " ind2=" "><marc:subfield code="a">Grafische Benutzerschnittstelle</marc:subfield><marc:subfield code="2">136</marc:subfield></marc:datafield><marc:datafield tag="951" ind1=" " ind2=" "><marc:subfield code="a">n 449</marc:subfield><marc:subfield code="2">21</marc:subfield></marc:datafield><marc:datafield tag="951" ind1=" " ind2=" "><marc:subfield code="a">DAT 346 PER</marc:subfield><marc:subfield code="2">34</marc:subfield></marc:datafield><marc:datafield tag="951" ind1=" " ind2=" "><marc:subfield code="a">Hl 6510</marc:subfield><marc:subfield code="2">63</marc:subfield></marc:datafield><marc:datafield tag="951" ind1=" " ind2=" "><marc:subfield code="a">ST 250 P30</marc:subfield><marc:subfield code="2">69</marc:subfield></marc:datafield><marc:datafield tag="951" ind1=" " ind2=" "><marc:subfield code="a">CSC 384</marc:subfield><marc:subfield code="2">90</marc:subfield></marc:datafield><marc:datafield tag="951" ind1=" " ind2=" "><marc:subfield code="a">Y. 322.20</marc:subfield><marc:subfield code="2">100</marc:subfield></marc:datafield><marc:datafield tag="951" ind1=" " ind2=" "><marc:subfield code="a">F:A4d.hh5</marc:subfield><marc:subfield code="2">136</marc:subfield></marc:datafield><marc:datafield tag="951" ind1=" " ind2=" "><marc:subfield code="a">F:A4d.ee</marc:subfield><marc:subfield code="2">136</marc:subfield></marc:datafield><marc:datafield tag="951" ind1=" " ind2=" "><marc:subfield code="a">F:A4d.cc</marc:subfield><marc:subfield code="2">136</marc:subfield></marc:datafield><marc:datafield tag="951" ind1=" " ind2=" "><marc:subfield code="a">ST 250 P30</marc:subfield><marc:subfield code="2">185</marc:subfield></marc:datafield><marc:datafield tag="954" ind1=" " ind2=" "><marc:subfield code="a">20</marc:subfield><marc:subfield code="b">472808966</marc:subfield><marc:subfield code="c">02</marc:subfield><marc:subfield code="f">LS1</marc:subfield><marc:subfield code="d">CS J 586</marc:subfield><marc:subfield code="d">2873-6398</marc:subfield><marc:subfield code="x">0084</marc:subfield></marc:datafield><marc:datafield tag="954" ind1=" " ind2=" "><marc:subfield code="a">20</marc:subfield><marc:subfield code="b">847067092</marc:subfield><marc:subfield code="c">03</marc:subfield><marc:subfield code="f">L4</marc:subfield><marc:subfield code="d">CP-218</marc:subfield><marc:subfield code="e">i</marc:subfield><marc:subfield code="x">0084</marc:subfield></marc:datafield><marc:datafield tag="954" ind1=" " ind2=" "><marc:subfield code="a">21</marc:subfield><marc:subfield code="b">576036226</marc:subfield><marc:subfield code="c">01</marc:subfield><marc:subfield code="f">TB Technik</marc:subfield><marc:subfield code="d">n 449/140</marc:subfield><marc:subfield code="e">g</marc:subfield><marc:subfield code="k">Standort: Hr. Backhus / Fak. 4 / E 400</marc:subfield><marc:subfield code="x">0046</marc:subfield></marc:datafield><marc:datafield tag="954" ind1=" " ind2=" "><marc:subfield code="a">22</marc:subfield><marc:subfield code="b">529700050</marc:subfield><marc:subfield code="c">01</marc:subfield><marc:subfield code="f">18/306</marc:subfield><marc:subfield code="d">DAT-S W 3</marc:subfield><marc:subfield code="e">u</marc:subfield><marc:subfield code="x">0018</marc:subfield></marc:datafield><marc:datafield tag="954" ind1=" " ind2=" "><marc:subfield code="a">22</marc:subfield><marc:subfield code="b">529700042</marc:subfield><marc:subfield code="c">02</marc:subfield><marc:subfield code="f">18/306</marc:subfield><marc:subfield code="d">DAT-S W 3</marc:subfield><marc:subfield code="e">g</marc:subfield><marc:subfield code="d">IfG Teßmer</marc:subfield><marc:subfield code="k">Sonderstandort ausserhalb der Bibliothek</marc:subfield><marc:subfield code="x">0018</marc:subfield></marc:datafield><marc:datafield tag="954" ind1=" " ind2=" "><marc:subfield code="a">22</marc:subfield><marc:subfield code="b">529700050</marc:subfield><marc:subfield code="c">03</marc:subfield><marc:subfield code="f">18/306</marc:subfield><marc:subfield code="d"> DAT-S Wal b</marc:subfield><marc:subfield code="e">u</marc:subfield><marc:subfield code="x">0018</marc:subfield></marc:datafield><marc:datafield tag="954" ind1=" " ind2=" "><marc:subfield code="a">24</marc:subfield><marc:subfield code="b">380089173</marc:subfield><marc:subfield code="c">01</marc:subfield><marc:subfield code="f">10 inf 642</marc:subfield><marc:subfield code="d">Db 7575</marc:subfield><marc:subfield code="e">u</marc:subfield><marc:subfield code="x">0008</marc:subfield></marc:datafield><marc:datafield tag="954" ind1=" " ind2=" "><marc:subfield code="a">34</marc:subfield><marc:subfield code="b">379220202</marc:subfield><marc:subfield code="c">01</marc:subfield><marc:subfield code="f">18/302</marc:subfield><marc:subfield code="d">Dat 346 PER 17</marc:subfield><marc:subfield code="e">c</marc:subfield><marc:subfield code="x">3551</marc:subfield></marc:datafield><marc:datafield tag="954" ind1=" " ind2=" "><marc:subfield code="a">63</marc:subfield><marc:subfield code="b">365885010</marc:subfield><marc:subfield code="c">01</marc:subfield><marc:subfield code="f">F+2</marc:subfield><marc:subfield code="d">Hl 6510/44</marc:subfield><marc:subfield code="e">b</marc:subfield><marc:subfield code="d">164 341</marc:subfield><marc:subfield code="x">3401</marc:subfield></marc:datafield><marc:datafield tag="954" ind1=" " ind2=" "><marc:subfield code="a">69</marc:subfield><marc:subfield code="b">378584731</marc:subfield><marc:subfield code="c">01</marc:subfield><marc:subfield code="f">UB 660</marc:subfield><marc:subfield code="d">660/ST 250 P30 W226</marc:subfield><marc:subfield code="e">u</marc:subfield><marc:subfield code="x">0009</marc:subfield></marc:datafield><marc:datafield tag="954" ind1=" " ind2=" "><marc:subfield code="a">70</marc:subfield><marc:subfield code="b">373710100</marc:subfield><marc:subfield code="c">01</marc:subfield><marc:subfield code="d">T 00 B 646</marc:subfield><marc:subfield code="e">u</marc:subfield><marc:subfield code="x">0089</marc:subfield></marc:datafield><marc:datafield tag="954" ind1=" " ind2=" "><marc:subfield code="a">90</marc:subfield><marc:subfield code="b">408464100</marc:subfield><marc:subfield code="c">01</marc:subfield><marc:subfield code="d">CSC 384 : W06</marc:subfield><marc:subfield code="e">u</marc:subfield><marc:subfield code="x">3090</marc:subfield></marc:datafield><marc:datafield tag="954" ind1=" " ind2=" "><marc:subfield code="a">100</marc:subfield><marc:subfield code="b">364277939</marc:subfield><marc:subfield code="c">01</marc:subfield><marc:subfield code="f">FH</marc:subfield><marc:subfield code="d">2000.00238:1</marc:subfield><marc:subfield code="e">u</marc:subfield><marc:subfield code="x">3100</marc:subfield></marc:datafield><marc:datafield tag="954" ind1=" " ind2=" "><marc:subfield code="a">100</marc:subfield><marc:subfield code="b">387895175</marc:subfield><marc:subfield code="c">02</marc:subfield><marc:subfield code="f">FH</marc:subfield><marc:subfield code="d">2000.00238:2</marc:subfield><marc:subfield code="e">u</marc:subfield><marc:subfield code="x">3100</marc:subfield></marc:datafield><marc:datafield tag="954" ind1=" " ind2=" "><marc:subfield code="a">100</marc:subfield><marc:subfield code="b">39610424X</marc:subfield><marc:subfield code="c">04</marc:subfield><marc:subfield code="f">FH</marc:subfield><marc:subfield code="d">2000.00238:4</marc:subfield><marc:subfield code="e">u</marc:subfield><marc:subfield code="x">3100</marc:subfield></marc:datafield><marc:datafield tag="954" ind1=" " ind2=" "><marc:subfield code="a">136</marc:subfield><marc:subfield code="b">379540029</marc:subfield><marc:subfield code="c">01</marc:subfield><marc:subfield code="d">2000 A 1683</marc:subfield><marc:subfield code="e">u</marc:subfield><marc:subfield code="x">3526</marc:subfield></marc:datafield><marc:datafield tag="954" ind1=" " ind2=" "><marc:subfield code="a">140</marc:subfield><marc:subfield code="b">377120685</marc:subfield><marc:subfield code="c">01</marc:subfield><marc:subfield code="d">FMBA 095</marc:subfield><marc:subfield code="e">u</marc:subfield><marc:subfield code="x">0839</marc:subfield></marc:datafield><marc:datafield tag="954" ind1=" " ind2=" "><marc:subfield code="a">150</marc:subfield><marc:subfield code="b">403821657</marc:subfield><marc:subfield code="c">01</marc:subfield><marc:subfield code="d">54.53,1131-00/11334</marc:subfield><marc:subfield code="e">u</marc:subfield><marc:subfield code="x">3406</marc:subfield></marc:datafield><marc:datafield tag="954" ind1=" " ind2=" "><marc:subfield code="a">185</marc:subfield><marc:subfield code="b">410068543</marc:subfield><marc:subfield code="c">01</marc:subfield><marc:subfield code="d">ST 250 P30 W226</marc:subfield><marc:subfield code="e">u</marc:subfield><marc:subfield code="x">3519</marc:subfield></marc:datafield><marc:datafield tag="954" ind1=" " ind2=" "><marc:subfield code="a">231</marc:subfield><marc:subfield code="b">362074348</marc:subfield><marc:subfield code="c">01</marc:subfield><marc:subfield code="f">LS1</marc:subfield><marc:subfield code="d">EIC 460 0415</marc:subfield><marc:subfield code="e">u</marc:subfield><marc:subfield code="x">0527/0001</marc:subfield></marc:datafield><marc:datafield tag="954" ind1=" " ind2=" "><marc:subfield code="a">370</marc:subfield><marc:subfield code="b">40464466X</marc:subfield><marc:subfield code="c">01</marc:subfield><marc:subfield code="f">CN-U</marc:subfield><marc:subfield code="d">Uky 34</marc:subfield><marc:subfield code="e">u</marc:subfield><marc:subfield code="x">4370</marc:subfield></marc:datafield></marc:record>