
<marc:record><marc:leader>01136nam a2200313 c 4500</marc:leader>
<marc:controlfield tag="001">251272559</marc:controlfield>
<marc:controlfield tag="003">DE-601</marc:controlfield><marc:controlfield tag="005">20130607020020.0</marc:controlfield><marc:controlfield tag="008">981116s1998    gw            000 0 ger d</marc:controlfield><marc:datafield tag="015" ind1=" " ind2=" "><marc:subfield code="a">98A480915</marc:subfield><marc:subfield code="2">dnb</marc:subfield></marc:datafield><marc:datafield tag="016" ind1="7" ind2=" "><marc:subfield code="a">954847199</marc:subfield><marc:subfield code="2">DE-101</marc:subfield></marc:datafield><marc:datafield tag="020" ind1=" " ind2=" "><marc:subfield code="c">DM 24.80, sfr 24.80, S 198.00</marc:subfield></marc:datafield><marc:datafield tag="035" ind1=" " ind2=" "><marc:subfield code="a">(OCoLC)845155108</marc:subfield></marc:datafield><marc:datafield tag="040" ind1=" " ind2=" "><marc:subfield code="a">GBVCP</marc:subfield><marc:subfield code="b">ger</marc:subfield><marc:subfield code="c">GBVCP</marc:subfield><marc:subfield code="e">rakwb</marc:subfield></marc:datafield><marc:datafield tag="041" ind1="0" ind2=" "><marc:subfield code="a">ger</marc:subfield></marc:datafield><marc:datafield tag="084" ind1=" " ind2=" "><marc:subfield code="a">EDV 440 PER</marc:subfield><marc:subfield code="2">sfb</marc:subfield></marc:datafield><marc:datafield tag="084" ind1=" " ind2=" "><marc:subfield code="a">28</marc:subfield><marc:subfield code="2">sdnb</marc:subfield></marc:datafield><marc:datafield tag="100" ind1="1" ind2=" "><marc:subfield code="a">Fey, Jürgen</marc:subfield></marc:datafield><marc:datafield tag="245" ind1="1" ind2="0"><marc:subfield code="a">Perl 5</marc:subfield><marc:subfield code="b">Schnelleinstieg, Praxis, Web-Programmierung</marc:subfield><marc:subfield code="c">[Autor dieser Ausg.: Jürgen Fey]</marc:subfield></marc:datafield><marc:datafield tag="260" ind1="3" ind2=" "><marc:subfield code="a">Poing</marc:subfield><marc:subfield code="b">WEKA Computerzeitschr.-Verl.</marc:subfield><marc:subfield code="c">[19]98</marc:subfield></marc:datafield><marc:datafield tag="300" ind1=" " ind2=" "><marc:subfield code="a">98 S</marc:subfield><marc:subfield code="b">Ill., graph. Darst</marc:subfield><marc:subfield code="c">30 cm</marc:subfield><marc:subfield code="e">1 CD-ROM</marc:subfield></marc:datafield><marc:datafield tag="490" ind1="0" ind2=" "><marc:subfield code="a">PC-Magazin</marc:subfield><marc:subfield code="a">Spezial</marc:subfield><marc:subfield code="v">7/98</marc:subfield></marc:datafield><marc:datafield tag="650" ind1=" " ind2="7"><marc:subfield code="0">(DE-601)214186687</marc:subfield><marc:subfield code="0">(DE-588)4419978-8</marc:subfield><marc:subfield code="a">Perl 5</marc:subfield><marc:subfield code="2">gnd</marc:subfield></marc:datafield><marc:datafield tag="689" ind1="0" ind2="0"><marc:subfield code="0">(DE-601)214186687</marc:subfield><marc:subfield code="0">(DE-588)4419978-8</marc:subfield><marc:subfield code="a">Perl 5</marc:subfield></marc:datafield><marc:datafield tag="830" ind1=" " ind2=" "><marc:subfield code="w">(DE-601)306365286</marc:subfield><marc:subfield code="v">7/98</marc:subfield><marc:subfield code="9">700</marc:subfield></marc:datafield><marc:datafield tag="900" ind1=" " ind2=" "><marc:subfield code="a">GBV</marc:subfield><marc:subfield code="b">SUB+Uni Hamburg &lt;18&gt;</marc:subfield><marc:subfield code="d">!SUB! B/43792</marc:subfield><marc:subfield code="x">L</marc:subfield><marc:subfield code="z">LC</marc:subfield></marc:datafield><marc:datafield tag="900" ind1=" " ind2=" "><marc:subfield code="a">GBV</marc:subfield><marc:subfield code="b">TIB/UB Hannover &lt;89&gt;</marc:subfield><marc:subfield code="d">!Haus2! ZL 733(1998,7)</marc:subfield><marc:subfield code="x">L</marc:subfield><marc:subfield code="z">LC</marc:subfield></marc:datafield><marc:datafield tag="954" ind1=" " ind2=" "><marc:subfield code="a">22</marc:subfield><marc:subfield code="b">503794414</marc:subfield><marc:subfield code="c">01</marc:subfield><marc:subfield code="f">SUB</marc:subfield><marc:subfield code="d">B/43792</marc:subfield><marc:subfield code="e">u</marc:subfield><marc:subfield code="x">0018</marc:subfield></marc:datafield><marc:datafield tag="954" ind1=" " ind2=" "><marc:subfield code="a">70</marc:subfield><marc:subfield code="b">297826115</marc:subfield><marc:subfield code="c">01</marc:subfield><marc:subfield code="f">Haus2</marc:subfield><marc:subfield code="d">ZL 733(1998,7)</marc:subfield><marc:subfield code="e">u</marc:subfield><marc:subfield code="x">0089</marc:subfield></marc:datafield></marc:record>