
<marc:record><marc:leader>07213nam a2201381 c 4500</marc:leader>
<marc:controlfield tag="001">238541428</marc:controlfield>
<marc:controlfield tag="003">DE-601</marc:controlfield><marc:controlfield tag="005">20150315030952.0</marc:controlfield><marc:controlfield tag="008">980109s1998    gw            000 0 ger d</marc:controlfield><marc:datafield tag="015" ind1=" " ind2=" "><marc:subfield code="a">98N030381</marc:subfield><marc:subfield code="2">dnb</marc:subfield></marc:datafield><marc:datafield tag="015" ind1=" " ind2=" "><marc:subfield code="a">98A150868</marc:subfield><marc:subfield code="2">dnb</marc:subfield></marc:datafield><marc:datafield tag="016" ind1="7" ind2=" "><marc:subfield code="a">95239653X</marc:subfield><marc:subfield code="2">DE-101</marc:subfield></marc:datafield><marc:datafield tag="020" ind1=" " ind2=" "><marc:subfield code="a">3897211076</marc:subfield><marc:subfield code="c">DM 79,-</marc:subfield><marc:subfield code="9">3-89721-107-6</marc:subfield></marc:datafield><marc:datafield tag="024" ind1="8" ind2=" "><marc:subfield code="a">pot40054125</marc:subfield></marc:datafield><marc:datafield tag="024" ind1="8" ind2=" "><marc:subfield code="a">OEBST221713</marc:subfield></marc:datafield><marc:datafield tag="035" ind1=" " ind2=" "><marc:subfield code="a">(OCoLC)845033705</marc:subfield></marc:datafield><marc:datafield tag="035" ind1=" " ind2=" "><marc:subfield code="a">(ZBM)0908.68023</marc:subfield></marc:datafield><marc:datafield tag="040" ind1=" " ind2=" "><marc:subfield code="a">GBVCP</marc:subfield><marc:subfield code="b">ger</marc:subfield><marc:subfield code="c">GBVCP</marc:subfield><marc:subfield code="e">rakwb</marc:subfield></marc:datafield><marc:datafield tag="041" ind1="1" ind2=" "><marc:subfield code="a">ger</marc:subfield><marc:subfield code="h">eng</marc:subfield></marc:datafield><marc:datafield tag="044" ind1=" " ind2=" "><marc:subfield code="a">gw</marc:subfield><marc:subfield code="a">xxk</marc:subfield><marc:subfield code="a">fr</marc:subfield></marc:datafield><marc:datafield tag="084" ind1=" " ind2=" "><marc:subfield code="a">Zdo 9</marc:subfield><marc:subfield code="2">asb</marc:subfield></marc:datafield><marc:datafield tag="084" ind1=" " ind2=" "><marc:subfield code="a">28</marc:subfield><marc:subfield code="2">sdnb</marc:subfield></marc:datafield><marc:datafield tag="084" ind1=" " ind2=" "><marc:subfield code="a">54.53</marc:subfield><marc:subfield code="9">Programmiersprachen</marc:subfield><marc:subfield code="2">bcl</marc:subfield></marc:datafield><marc:datafield tag="084" ind1=" " ind2=" "><marc:subfield code="a">mat</marc:subfield><marc:subfield code="q">DE-601</marc:subfield><marc:subfield code="2">z</marc:subfield></marc:datafield><marc:datafield tag="100" ind1="1" ind2=" "><marc:subfield code="a">Srinivasan, Sriram</marc:subfield></marc:datafield><marc:datafield tag="240" ind1="1" ind2="0"><marc:subfield code="a">Advanced Perl programming &lt;dt.&gt;</marc:subfield></marc:datafield><marc:datafield tag="245" ind1="1" ind2="0"><marc:subfield code="a">Fortgeschrittene Perl-Programmierung</marc:subfield><marc:subfield code="c">Sriram Srinivasan. Dt. Übers. von Matthias Kalle Dalheimer</marc:subfield></marc:datafield><marc:datafield tag="250" ind1=" " ind2=" "><marc:subfield code="a">1. Aufl</marc:subfield></marc:datafield><marc:datafield tag="260" ind1="3" ind2=" "><marc:subfield code="a">Cambridge [u.a.]</marc:subfield><marc:subfield code="b">O'Reilly</marc:subfield><marc:subfield code="c">1998</marc:subfield></marc:datafield><marc:datafield tag="300" ind1=" " ind2=" "><marc:subfield code="a">XXIII, 436 S</marc:subfield><marc:subfield code="b">graph. Darst</marc:subfield><marc:subfield code="c">23 cm</marc:subfield></marc:datafield><marc:datafield tag="650" ind1=" " ind2="7"><marc:subfield code="0">(DE-601)123519713</marc:subfield><marc:subfield code="0">(DE-588)4307836-9</marc:subfield><marc:subfield code="a">Perl</marc:subfield><marc:subfield code="9">g:Programmiersprache</marc:subfield><marc:subfield code="2">gnd</marc:subfield></marc:datafield><marc:datafield tag="689" ind1="0" ind2="0"><marc:subfield code="0">(DE-601)123519713</marc:subfield><marc:subfield code="0">(DE-588)4307836-9</marc:subfield><marc:subfield code="a">Perl</marc:subfield><marc:subfield code="9">g:Programmiersprache</marc:subfield></marc:datafield><marc:datafield tag="856" ind1="4" ind2="2"><marc:subfield code="y">Zentralblatt MATH</marc:subfield><marc:subfield code="u">http://zbmath.org/?q=an:0908.68023</marc:subfield><marc:subfield code="m">V:DE-601;ZBM</marc:subfield><marc:subfield code="3">Inhaltstext</marc:subfield></marc:datafield><marc:datafield tag="856" ind1="4" ind2="2"><marc:subfield code="y">Zentralblatt MATH</marc:subfield><marc:subfield code="u">http://zbmath.org/?q=an:0908.68023</marc:subfield><marc:subfield code="m">V:DE-601;ZBM</marc:subfield><marc:subfield code="3">Inhaltstext</marc:subfield></marc:datafield><marc:datafield tag="856" ind1="4" ind2="2"><marc:subfield code="u">http://external.dandelon.com/download/attachments/dandelon/ids/DE0041FF09D014CF67EBDC1257B390057D28A.pdf</marc:subfield><marc:subfield code="m">V:DE-601;AGI</marc:subfield><marc:subfield code="3">Inhaltsverzeichnis</marc:subfield></marc:datafield><marc:datafield tag="900" ind1=" " ind2=" "><marc:subfield code="a">GBV</marc:subfield><marc:subfield code="b">UB Kiel &lt;8&gt;</marc:subfield><marc:subfield code="d">!10 inf 642! Db 4735</marc:subfield><marc:subfield code="x">L</marc:subfield><marc:subfield code="z">LC</marc:subfield><marc:subfield code="s">8</marc:subfield></marc:datafield><marc:datafield tag="900" ind1=" " ind2=" "><marc:subfield code="a">GBV</marc:subfield><marc:subfield code="b">THULB Jena &lt;27&gt;</marc:subfield><marc:subfield code="d">!J 50! INF:DD:2000:Perl:S918:1998</marc:subfield><marc:subfield code="x">L</marc:subfield><marc:subfield code="z">LC</marc:subfield></marc:datafield><marc:datafield tag="900" ind1=" " ind2=" "><marc:subfield code="a">GBV</marc:subfield><marc:subfield code="b">UB Ilmenau &lt;Ilm 1&gt;</marc:subfield><marc:subfield code="d">!53! INF ST 250 P30 S774</marc:subfield><marc:subfield code="x">L</marc:subfield><marc:subfield code="z">LC</marc:subfield></marc:datafield><marc:datafield tag="900" ind1=" " ind2=" "><marc:subfield code="a">GBV</marc:subfield><marc:subfield code="b">HAW Hamburg</marc:subfield><marc:subfield code="d">!18/302! Dat 346 PER 8 b</marc:subfield><marc:subfield code="x">N</marc:subfield><marc:subfield code="z">N</marc:subfield><marc:subfield code="d">!18/302! Dat 346 PER 8 c</marc:subfield><marc:subfield code="x">N</marc:subfield><marc:subfield code="z">N</marc:subfield><marc:subfield code="f">Dauerausleihe Labor für Softwaretechnik, E/I</marc:subfield><marc:subfield code="d">!18/302! Dat 346 PER 8 d</marc:subfield><marc:subfield code="x">N</marc:subfield><marc:subfield code="z">N</marc:subfield></marc:datafield><marc:datafield tag="900" ind1=" " ind2=" "><marc:subfield code="a">GBV</marc:subfield><marc:subfield code="b">UB Rostock &lt;28&gt;</marc:subfield><marc:subfield code="d">!28/BB1! ST 250 P30 S774</marc:subfield><marc:subfield code="x">L</marc:subfield><marc:subfield code="z">LC</marc:subfield><marc:subfield code="d">98 A 22848/2</marc:subfield><marc:subfield code="d">!Kue 3! 519.687</marc:subfield><marc:subfield code="x">N</marc:subfield><marc:subfield code="z">N</marc:subfield><marc:subfield code="s">0028/2</marc:subfield></marc:datafield><marc:datafield tag="900" ind1=" " ind2=" "><marc:subfield code="a">GBV</marc:subfield><marc:subfield code="b">UB Weimar &lt;Wim 2&gt;</marc:subfield><marc:subfield code="d">!F+2! Hl 6510/39</marc:subfield><marc:subfield code="x">L</marc:subfield><marc:subfield code="z">LC</marc:subfield><marc:subfield code="d">164 476</marc:subfield></marc:datafield><marc:datafield tag="900" ind1=" " ind2=" "><marc:subfield code="a">GBV</marc:subfield><marc:subfield code="b">ULB Halle &lt;3&gt;</marc:subfield><marc:subfield code="d">!Ha 4! U RZ 98-61</marc:subfield><marc:subfield code="x">L</marc:subfield><marc:subfield code="z">LC</marc:subfield><marc:subfield code="s">3/4</marc:subfield><marc:subfield code="d">!Ha 4! MI IN 99-315</marc:subfield><marc:subfield code="x">L</marc:subfield><marc:subfield code="z">LC</marc:subfield><marc:subfield code="s">3/4</marc:subfield></marc:datafield><marc:datafield tag="900" ind1=" " ind2=" "><marc:subfield code="a">GBV</marc:subfield><marc:subfield code="b">UB Greifswald &lt;9&gt;</marc:subfield><marc:subfield code="d">!UB 660! 660/ST 250 P30 S774</marc:subfield><marc:subfield code="x">L</marc:subfield><marc:subfield code="z">LC</marc:subfield></marc:datafield><marc:datafield tag="900" ind1=" " ind2=" "><marc:subfield code="a">GBV</marc:subfield><marc:subfield code="b">TIB/UB Hannover &lt;89&gt;</marc:subfield><marc:subfield code="d">!L inf 470 PER! T 98 B 1691</marc:subfield><marc:subfield code="x">L</marc:subfield><marc:subfield code="z">LC</marc:subfield></marc:datafield><marc:datafield tag="900" ind1=" " ind2=" "><marc:subfield code="a">GBV</marc:subfield><marc:subfield code="b">UB Magdeburg &lt;Ma 9&gt;</marc:subfield><marc:subfield code="d">!FH! 1998 a 5742:1</marc:subfield><marc:subfield code="x">L</marc:subfield><marc:subfield code="z">LC</marc:subfield><marc:subfield code="d">!FH! 1998 a 5742:2</marc:subfield><marc:subfield code="x">L</marc:subfield><marc:subfield code="z">LC</marc:subfield></marc:datafield><marc:datafield tag="900" ind1=" " ind2=" "><marc:subfield code="a">GBV</marc:subfield><marc:subfield code="b">ZHSB Lübeck &lt;841&gt;</marc:subfield><marc:subfield code="d">Techn.Inf.</marc:subfield><marc:subfield code="x">N</marc:subfield><marc:subfield code="z">N</marc:subfield><marc:subfield code="d">VK 1960 Per 1998 A 1709</marc:subfield><marc:subfield code="x">L</marc:subfield><marc:subfield code="z">LC</marc:subfield></marc:datafield><marc:datafield tag="900" ind1=" " ind2=" "><marc:subfield code="a">GBV</marc:subfield><marc:subfield code="b">UB Osnabrück &lt;700&gt;</marc:subfield><marc:subfield code="d">!N! TXK / Per / Sri</marc:subfield><marc:subfield code="x">L</marc:subfield><marc:subfield code="z">LC</marc:subfield><marc:subfield code="d">!N! TXK / Per / Sri</marc:subfield><marc:subfield code="x">L</marc:subfield><marc:subfield code="z">LC</marc:subfield></marc:datafield><marc:datafield tag="900" ind1=" " ind2=" "><marc:subfield code="a">GBV</marc:subfield><marc:subfield code="b">HS Wismar &lt;Wis 1&gt;</marc:subfield><marc:subfield code="d">1998 A 969</marc:subfield><marc:subfield code="x">L</marc:subfield><marc:subfield code="z">LC</marc:subfield></marc:datafield><marc:datafield tag="900" ind1=" " ind2=" "><marc:subfield code="a">GBV</marc:subfield><marc:subfield code="b">EAH Jena &lt;J 59&gt;</marc:subfield><marc:subfield code="d">!Mag1! 54.53,218-98/21562</marc:subfield><marc:subfield code="x">L</marc:subfield><marc:subfield code="z">LC</marc:subfield></marc:datafield><marc:datafield tag="900" ind1=" " ind2=" "><marc:subfield code="a">GBV</marc:subfield><marc:subfield code="b">FH Schmalkalden &lt;Shm2&gt;</marc:subfield><marc:subfield code="d">!A!  EDV 599 8440/99</marc:subfield><marc:subfield code="x">L</marc:subfield><marc:subfield code="z">LC</marc:subfield><marc:subfield code="d">!A!  EDV 599 8441/99</marc:subfield><marc:subfield code="x">L</marc:subfield><marc:subfield code="z">LC</marc:subfield></marc:datafield><marc:datafield tag="900" ind1=" " ind2=" "><marc:subfield code="a">GBV</marc:subfield><marc:subfield code="b">HSB Emden/Leer &lt;755&gt;</marc:subfield><marc:subfield code="d">TXU / Sri</marc:subfield><marc:subfield code="x">N</marc:subfield><marc:subfield code="z">N</marc:subfield></marc:datafield><marc:datafield tag="900" ind1=" " ind2=" "><marc:subfield code="a">GBV</marc:subfield><marc:subfield code="b">Hochschule Hannover &lt;960&gt;</marc:subfield><marc:subfield code="d">!Z! EDV 3210-PER /378:1</marc:subfield><marc:subfield code="x">L</marc:subfield><marc:subfield code="z">C</marc:subfield><marc:subfield code="s">960/1</marc:subfield><marc:subfield code="f">10 Ex.</marc:subfield><marc:subfield code="d">!Z! EDV 3210-PER /378:2</marc:subfield><marc:subfield code="x">L</marc:subfield><marc:subfield code="z">LC</marc:subfield><marc:subfield code="s">960/1</marc:subfield><marc:subfield code="d">!Z! EDV 3210-PER /378:3</marc:subfield><marc:subfield code="x">L</marc:subfield><marc:subfield code="z">LC</marc:subfield><marc:subfield code="s">960/1</marc:subfield><marc:subfield code="d">!Z! EDV 3210-PER /378:4</marc:subfield><marc:subfield code="x">L</marc:subfield><marc:subfield code="z">LC</marc:subfield><marc:subfield code="s">960/1</marc:subfield><marc:subfield code="d">!Z! EDV 3210-PER /378:5</marc:subfield><marc:subfield code="x">L</marc:subfield><marc:subfield code="z">LC</marc:subfield><marc:subfield code="s">960/1</marc:subfield><marc:subfield code="d">!Z! EDV 3210-PER /378:6</marc:subfield><marc:subfield code="x">L</marc:subfield><marc:subfield code="z">LC</marc:subfield><marc:subfield code="s">960/1</marc:subfield><marc:subfield code="d">!Z! EDV 3210-PER /378:7</marc:subfield><marc:subfield code="x">L</marc:subfield><marc:subfield code="z">LC</marc:subfield><marc:subfield code="s">960/1</marc:subfield><marc:subfield code="d">!Z! EDV 3210-PER /378:8</marc:subfield><marc:subfield code="x">L</marc:subfield><marc:subfield code="z">LC</marc:subfield><marc:subfield code="s">960/1</marc:subfield><marc:subfield code="d">!Z! EDV 3210-PER /378:9</marc:subfield><marc:subfield code="x">L</marc:subfield><marc:subfield code="z">LC</marc:subfield><marc:subfield code="s">960/1</marc:subfield><marc:subfield code="d">!Z! EDV 3210-PER /378:10</marc:subfield><marc:subfield code="x">L</marc:subfield><marc:subfield code="z">LC</marc:subfield><marc:subfield code="s">960/1</marc:subfield></marc:datafield><marc:datafield tag="900" ind1=" " ind2=" "><marc:subfield code="a">GBV</marc:subfield><marc:subfield code="b">Ostfalia Wolfenbüttel &lt;916&gt;</marc:subfield><marc:subfield code="d">!WOB! IT MP 200</marc:subfield><marc:subfield code="x">L</marc:subfield><marc:subfield code="z">LC</marc:subfield><marc:subfield code="f">1.-5. Ex.</marc:subfield></marc:datafield><marc:datafield tag="900" ind1=" " ind2=" "><marc:subfield code="a">GBV</marc:subfield><marc:subfield code="b">FH Stralsund &lt;Sra 5&gt;</marc:subfield><marc:subfield code="d">ST 250 P30 S774</marc:subfield><marc:subfield code="x">L</marc:subfield><marc:subfield code="z">LC</marc:subfield></marc:datafield><marc:datafield tag="900" ind1=" " ind2=" "><marc:subfield code="a">GBV</marc:subfield><marc:subfield code="b">HS Neubrandenburg &lt;519&gt;</marc:subfield><marc:subfield code="d">!FH! 64:TWG-134</marc:subfield><marc:subfield code="x">L</marc:subfield><marc:subfield code="z">LC</marc:subfield></marc:datafield><marc:datafield tag="900" ind1=" " ind2=" "><marc:subfield code="a">GBV</marc:subfield><marc:subfield code="b">FH Kiel &lt;Ki 95&gt;</marc:subfield><marc:subfield code="d">!Ki 95/0! 3365 Sri</marc:subfield><marc:subfield code="x">N</marc:subfield><marc:subfield code="z">N</marc:subfield><marc:subfield code="s">3520/5</marc:subfield></marc:datafield><marc:datafield tag="900" ind1=" " ind2=" "><marc:subfield code="a">GBV</marc:subfield><marc:subfield code="b">HS MD-SDL (Stendal) &lt;552&gt;</marc:subfield><marc:subfield code="d">IN 350-67</marc:subfield><marc:subfield code="x">L</marc:subfield><marc:subfield code="z">LC</marc:subfield><marc:subfield code="f">1. Ex.</marc:subfield></marc:datafield><marc:datafield tag="900" ind1=" " ind2=" "><marc:subfield code="a">GBV</marc:subfield><marc:subfield code="b">FH Harz &lt;527&gt;</marc:subfield><marc:subfield code="d">!LS1! EIC 460 0267</marc:subfield><marc:subfield code="x">L</marc:subfield><marc:subfield code="z">LC</marc:subfield><marc:subfield code="s">0527/0001</marc:subfield></marc:datafield><marc:datafield tag="900" ind1=" " ind2=" "><marc:subfield code="a">GBV</marc:subfield><marc:subfield code="b">UB Potsdam &lt;517&gt;</marc:subfield><marc:subfield code="d">!1659! ohne Signatur</marc:subfield><marc:subfield code="x">L</marc:subfield><marc:subfield code="z">LC</marc:subfield></marc:datafield><marc:datafield tag="950" ind1=" " ind2=" "><marc:subfield code="a">Perl &lt;Programmiersprache&gt;</marc:subfield><marc:subfield code="2">136</marc:subfield></marc:datafield><marc:datafield tag="950" ind1=" " ind2=" "><marc:subfield code="a">Perl &lt;Programmiersprache&gt;</marc:subfield><marc:subfield code="2">152</marc:subfield></marc:datafield><marc:datafield tag="950" ind1=" " ind2=" "><marc:subfield code="a">Programmiersprache</marc:subfield><marc:subfield code="2">152</marc:subfield></marc:datafield><marc:datafield tag="950" ind1=" " ind2=" "><marc:subfield code="a">Perl / Programmiersprache</marc:subfield><marc:subfield code="2">186</marc:subfield></marc:datafield><marc:datafield tag="951" ind1=" " ind2=" "><marc:subfield code="a">INF:DD:2000</marc:subfield><marc:subfield code="2">31</marc:subfield></marc:datafield><marc:datafield tag="951" ind1=" " ind2=" "><marc:subfield code="a">ST 250 P30</marc:subfield><marc:subfield code="2">32</marc:subfield></marc:datafield><marc:datafield tag="951" ind1=" " ind2=" "><marc:subfield code="a">DAT 346 PER</marc:subfield><marc:subfield code="2">34</marc:subfield></marc:datafield><marc:datafield tag="951" ind1=" " ind2=" "><marc:subfield code="a">Hl 6510</marc:subfield><marc:subfield code="2">63</marc:subfield></marc:datafield><marc:datafield tag="951" ind1=" " ind2=" "><marc:subfield code="a">ST 250 P30</marc:subfield><marc:subfield code="2">69</marc:subfield></marc:datafield><marc:datafield tag="951" ind1=" " ind2=" "><marc:subfield code="a">inf 470 PER</marc:subfield><marc:subfield code="2">70</marc:subfield></marc:datafield><marc:datafield tag="951" ind1=" " ind2=" "><marc:subfield code="a">Y. 322.20</marc:subfield><marc:subfield code="2">100</marc:subfield></marc:datafield><marc:datafield tag="951" ind1=" " ind2=" "><marc:subfield code="a">VK 1960 Per</marc:subfield><marc:subfield code="2">105</marc:subfield></marc:datafield><marc:datafield tag="951" ind1=" " ind2=" "><marc:subfield code="a">F:A4d.hh5</marc:subfield><marc:subfield code="2">136</marc:subfield></marc:datafield><marc:datafield tag="951" ind1=" " ind2=" "><marc:subfield code="a">EDV 599</marc:subfield><marc:subfield code="2">152</marc:subfield></marc:datafield><marc:datafield tag="951" ind1=" " ind2=" "><marc:subfield code="a">TXU</marc:subfield><marc:subfield code="2">160</marc:subfield></marc:datafield><marc:datafield tag="951" ind1=" " ind2=" "><marc:subfield code="a">Verlust</marc:subfield><marc:subfield code="2">160</marc:subfield></marc:datafield><marc:datafield tag="951" ind1=" " ind2=" "><marc:subfield code="a">ST 250 P30</marc:subfield><marc:subfield code="2">185</marc:subfield></marc:datafield><marc:datafield tag="951" ind1=" " ind2=" "><marc:subfield code="a">CS</marc:subfield><marc:subfield code="2">231</marc:subfield></marc:datafield><marc:datafield tag="954" ind1=" " ind2=" "><marc:subfield code="a">24</marc:subfield><marc:subfield code="b">272242101</marc:subfield><marc:subfield code="c">01</marc:subfield><marc:subfield code="f">10 inf 642</marc:subfield><marc:subfield code="d">Db 4735</marc:subfield><marc:subfield code="e">u</marc:subfield><marc:subfield code="x">0008</marc:subfield></marc:datafield><marc:datafield tag="954" ind1=" " ind2=" "><marc:subfield code="a">31</marc:subfield><marc:subfield code="b">279140037</marc:subfield><marc:subfield code="c">01</marc:subfield><marc:subfield code="f">J 50</marc:subfield><marc:subfield code="d">INF:DD:2000:Perl:S918:1998</marc:subfield><marc:subfield code="e">d</marc:subfield><marc:subfield code="x">0027</marc:subfield></marc:datafield><marc:datafield tag="954" ind1=" " ind2=" "><marc:subfield code="a">32</marc:subfield><marc:subfield code="b">31739665X</marc:subfield><marc:subfield code="c">01</marc:subfield><marc:subfield code="f">53</marc:subfield><marc:subfield code="d">INF ST 250 P30 S774</marc:subfield><marc:subfield code="e">u</marc:subfield><marc:subfield code="x">3400</marc:subfield></marc:datafield><marc:datafield tag="954" ind1=" " ind2=" "><marc:subfield code="a">34</marc:subfield><marc:subfield code="b">316117528</marc:subfield><marc:subfield code="c">03</marc:subfield><marc:subfield code="f">18/302</marc:subfield><marc:subfield code="d">Dat 346 PER 8 b</marc:subfield><marc:subfield code="e">c</marc:subfield><marc:subfield code="x">3551</marc:subfield></marc:datafield><marc:datafield tag="954" ind1=" " ind2=" "><marc:subfield code="a">34</marc:subfield><marc:subfield code="b">348305176</marc:subfield><marc:subfield code="c">04</marc:subfield><marc:subfield code="f">18/302</marc:subfield><marc:subfield code="d">Dat 346 PER 8 c</marc:subfield><marc:subfield code="e">c</marc:subfield><marc:subfield code="k">Dauerausleihe Labor für Softwaretechnik, E/I</marc:subfield><marc:subfield code="x">3551</marc:subfield></marc:datafield><marc:datafield tag="954" ind1=" " ind2=" "><marc:subfield code="a">34</marc:subfield><marc:subfield code="b">363528482</marc:subfield><marc:subfield code="c">05</marc:subfield><marc:subfield code="f">18/302</marc:subfield><marc:subfield code="d">Dat 346 PER 8 d</marc:subfield><marc:subfield code="e">c</marc:subfield><marc:subfield code="x">3551</marc:subfield></marc:datafield><marc:datafield tag="954" ind1=" " ind2=" "><marc:subfield code="a">62</marc:subfield><marc:subfield code="b">329199161</marc:subfield><marc:subfield code="c">03</marc:subfield><marc:subfield code="f">28/BB1</marc:subfield><marc:subfield code="d">ST 250 P30 S774</marc:subfield><marc:subfield code="e">u</marc:subfield><marc:subfield code="d">98 A 22848/2</marc:subfield><marc:subfield code="x">0028</marc:subfield></marc:datafield><marc:datafield tag="954" ind1=" " ind2=" "><marc:subfield code="a">62</marc:subfield><marc:subfield code="b">594072808</marc:subfield><marc:subfield code="c">04</marc:subfield><marc:subfield code="f">Kue 3</marc:subfield><marc:subfield code="d">519.687</marc:subfield><marc:subfield code="e">c</marc:subfield><marc:subfield code="x">0028/2</marc:subfield></marc:datafield><marc:datafield tag="954" ind1=" " ind2=" "><marc:subfield code="a">63</marc:subfield><marc:subfield code="b">339306882</marc:subfield><marc:subfield code="c">01</marc:subfield><marc:subfield code="f">F+2</marc:subfield><marc:subfield code="d">Hl 6510/39</marc:subfield><marc:subfield code="e">b</marc:subfield><marc:subfield code="d">164 476</marc:subfield><marc:subfield code="x">3401</marc:subfield></marc:datafield><marc:datafield tag="954" ind1=" " ind2=" "><marc:subfield code="a">65</marc:subfield><marc:subfield code="b">278161618</marc:subfield><marc:subfield code="c">01</marc:subfield><marc:subfield code="f">Ha 4</marc:subfield><marc:subfield code="d">U RZ 98-61</marc:subfield><marc:subfield code="e">u</marc:subfield><marc:subfield code="x">3/4</marc:subfield></marc:datafield><marc:datafield tag="954" ind1=" " ind2=" "><marc:subfield code="a">65</marc:subfield><marc:subfield code="b">363454551</marc:subfield><marc:subfield code="c">02</marc:subfield><marc:subfield code="f">Ha 4</marc:subfield><marc:subfield code="d">MI IN 99-315</marc:subfield><marc:subfield code="e">u</marc:subfield><marc:subfield code="x">3/4</marc:subfield></marc:datafield><marc:datafield tag="954" ind1=" " ind2=" "><marc:subfield code="a">69</marc:subfield><marc:subfield code="b">310237246</marc:subfield><marc:subfield code="c">01</marc:subfield><marc:subfield code="f">UB 660</marc:subfield><marc:subfield code="d">660/ST 250 P30 S774</marc:subfield><marc:subfield code="e">u</marc:subfield><marc:subfield code="x">0009</marc:subfield></marc:datafield><marc:datafield tag="954" ind1=" " ind2=" "><marc:subfield code="a">70</marc:subfield><marc:subfield code="b">273285211</marc:subfield><marc:subfield code="c">01</marc:subfield><marc:subfield code="f">L inf 470 PER</marc:subfield><marc:subfield code="d">T 98 B 1691</marc:subfield><marc:subfield code="e">u</marc:subfield><marc:subfield code="x">0089</marc:subfield></marc:datafield><marc:datafield tag="954" ind1=" " ind2=" "><marc:subfield code="a">100</marc:subfield><marc:subfield code="b">279921187</marc:subfield><marc:subfield code="c">01</marc:subfield><marc:subfield code="f">FH</marc:subfield><marc:subfield code="d">1998 a 5742:1</marc:subfield><marc:subfield code="e">u</marc:subfield><marc:subfield code="x">3100</marc:subfield></marc:datafield><marc:datafield tag="954" ind1=" " ind2=" "><marc:subfield code="a">100</marc:subfield><marc:subfield code="b">290878020</marc:subfield><marc:subfield code="c">02</marc:subfield><marc:subfield code="f">FH</marc:subfield><marc:subfield code="d">1998 a 5742:2</marc:subfield><marc:subfield code="e">u</marc:subfield><marc:subfield code="x">3100</marc:subfield></marc:datafield><marc:datafield tag="954" ind1=" " ind2=" "><marc:subfield code="a">105</marc:subfield><marc:subfield code="b">295432349</marc:subfield><marc:subfield code="c">01</marc:subfield><marc:subfield code="d">Techn.Inf.</marc:subfield><marc:subfield code="e">g</marc:subfield><marc:subfield code="x">0841</marc:subfield></marc:datafield><marc:datafield tag="954" ind1=" " ind2=" "><marc:subfield code="a">105</marc:subfield><marc:subfield code="b">314788131</marc:subfield><marc:subfield code="c">02</marc:subfield><marc:subfield code="d">VK 1960 Per 1998 A 1709</marc:subfield><marc:subfield code="e">u</marc:subfield><marc:subfield code="x">0841</marc:subfield></marc:datafield><marc:datafield tag="954" ind1=" " ind2=" "><marc:subfield code="a">130</marc:subfield><marc:subfield code="b">30837066X</marc:subfield><marc:subfield code="c">01</marc:subfield><marc:subfield code="f">N</marc:subfield><marc:subfield code="d">TXK / Per / Sri</marc:subfield><marc:subfield code="e">u</marc:subfield><marc:subfield code="x">0700</marc:subfield></marc:datafield><marc:datafield tag="954" ind1=" " ind2=" "><marc:subfield code="a">130</marc:subfield><marc:subfield code="b">316457159</marc:subfield><marc:subfield code="c">02</marc:subfield><marc:subfield code="f">N</marc:subfield><marc:subfield code="d">TXK / Per / Sri</marc:subfield><marc:subfield code="e">u</marc:subfield><marc:subfield code="x">0700</marc:subfield></marc:datafield><marc:datafield tag="954" ind1=" " ind2=" "><marc:subfield code="a">136</marc:subfield><marc:subfield code="b">299113132</marc:subfield><marc:subfield code="c">01</marc:subfield><marc:subfield code="d">1998 A 969</marc:subfield><marc:subfield code="e">u</marc:subfield><marc:subfield code="x">3526</marc:subfield></marc:datafield><marc:datafield tag="954" ind1=" " ind2=" "><marc:subfield code="a">150</marc:subfield><marc:subfield code="b">303066369</marc:subfield><marc:subfield code="c">01</marc:subfield><marc:subfield code="f">Mag1</marc:subfield><marc:subfield code="d">54.53,218-98/21562</marc:subfield><marc:subfield code="e">u</marc:subfield><marc:subfield code="x">3406</marc:subfield></marc:datafield><marc:datafield tag="954" ind1=" " ind2=" "><marc:subfield code="a">152</marc:subfield><marc:subfield code="b">346474639</marc:subfield><marc:subfield code="c">01</marc:subfield><marc:subfield code="f">A</marc:subfield><marc:subfield code="d"> EDV 599 8440/99</marc:subfield><marc:subfield code="e">u</marc:subfield><marc:subfield code="x">3405</marc:subfield></marc:datafield><marc:datafield tag="954" ind1=" " ind2=" "><marc:subfield code="a">152</marc:subfield><marc:subfield code="b">346474647</marc:subfield><marc:subfield code="c">02</marc:subfield><marc:subfield code="f">A</marc:subfield><marc:subfield code="d"> EDV 599 8441/99</marc:subfield><marc:subfield code="e">u</marc:subfield><marc:subfield code="x">3405</marc:subfield></marc:datafield><marc:datafield tag="954" ind1=" " ind2=" "><marc:subfield code="a">160</marc:subfield><marc:subfield code="b">293125147</marc:subfield><marc:subfield code="c">01</marc:subfield><marc:subfield code="d">TXU / Sri</marc:subfield><marc:subfield code="e">z</marc:subfield><marc:subfield code="x">0755</marc:subfield></marc:datafield><marc:datafield tag="954" ind1=" " ind2=" "><marc:subfield code="a">161</marc:subfield><marc:subfield code="b">307189619</marc:subfield><marc:subfield code="c">01</marc:subfield><marc:subfield code="f">Z</marc:subfield><marc:subfield code="d">EDV 3210-PER /378:1</marc:subfield><marc:subfield code="e">s</marc:subfield><marc:subfield code="k">10 Ex.</marc:subfield><marc:subfield code="x">960/1</marc:subfield></marc:datafield><marc:datafield tag="954" ind1=" " ind2=" "><marc:subfield code="a">161</marc:subfield><marc:subfield code="b">307189627</marc:subfield><marc:subfield code="c">02</marc:subfield><marc:subfield code="f">Z</marc:subfield><marc:subfield code="d">EDV 3210-PER /378:2</marc:subfield><marc:subfield code="e">u</marc:subfield><marc:subfield code="x">960/1</marc:subfield></marc:datafield><marc:datafield tag="954" ind1=" " ind2=" "><marc:subfield code="a">161</marc:subfield><marc:subfield code="b">307189635</marc:subfield><marc:subfield code="c">03</marc:subfield><marc:subfield code="f">Z</marc:subfield><marc:subfield code="d">EDV 3210-PER /378:3</marc:subfield><marc:subfield code="e">u</marc:subfield><marc:subfield code="x">960/1</marc:subfield></marc:datafield><marc:datafield tag="954" ind1=" " ind2=" "><marc:subfield code="a">161</marc:subfield><marc:subfield code="b">307189643</marc:subfield><marc:subfield code="c">04</marc:subfield><marc:subfield code="f">Z</marc:subfield><marc:subfield code="d">EDV 3210-PER /378:4</marc:subfield><marc:subfield code="e">u</marc:subfield><marc:subfield code="x">960/1</marc:subfield></marc:datafield><marc:datafield tag="954" ind1=" " ind2=" "><marc:subfield code="a">161</marc:subfield><marc:subfield code="b">307189651</marc:subfield><marc:subfield code="c">05</marc:subfield><marc:subfield code="f">Z</marc:subfield><marc:subfield code="d">EDV 3210-PER /378:5</marc:subfield><marc:subfield code="e">u</marc:subfield><marc:subfield code="x">960/1</marc:subfield></marc:datafield><marc:datafield tag="954" ind1=" " ind2=" "><marc:subfield code="a">161</marc:subfield><marc:subfield code="b">30718966X</marc:subfield><marc:subfield code="c">06</marc:subfield><marc:subfield code="f">Z</marc:subfield><marc:subfield code="d">EDV 3210-PER /378:6</marc:subfield><marc:subfield code="e">u</marc:subfield><marc:subfield code="x">960/1</marc:subfield></marc:datafield><marc:datafield tag="954" ind1=" " ind2=" "><marc:subfield code="a">161</marc:subfield><marc:subfield code="b">307189678</marc:subfield><marc:subfield code="c">07</marc:subfield><marc:subfield code="f">Z</marc:subfield><marc:subfield code="d">EDV 3210-PER /378:7</marc:subfield><marc:subfield code="e">u</marc:subfield><marc:subfield code="x">960/1</marc:subfield></marc:datafield><marc:datafield tag="954" ind1=" " ind2=" "><marc:subfield code="a">161</marc:subfield><marc:subfield code="b">307189686</marc:subfield><marc:subfield code="c">08</marc:subfield><marc:subfield code="f">Z</marc:subfield><marc:subfield code="d">EDV 3210-PER /378:8</marc:subfield><marc:subfield code="e">u</marc:subfield><marc:subfield code="x">960/1</marc:subfield></marc:datafield><marc:datafield tag="954" ind1=" " ind2=" "><marc:subfield code="a">161</marc:subfield><marc:subfield code="b">307189694</marc:subfield><marc:subfield code="c">09</marc:subfield><marc:subfield code="f">Z</marc:subfield><marc:subfield code="d">EDV 3210-PER /378:9</marc:subfield><marc:subfield code="e">u</marc:subfield><marc:subfield code="x">960/1</marc:subfield></marc:datafield><marc:datafield tag="954" ind1=" " ind2=" "><marc:subfield code="a">161</marc:subfield><marc:subfield code="b">300405502</marc:subfield><marc:subfield code="c">10</marc:subfield><marc:subfield code="f">Z</marc:subfield><marc:subfield code="d">EDV 3210-PER /378:10</marc:subfield><marc:subfield code="e">u</marc:subfield><marc:subfield code="x">960/1</marc:subfield></marc:datafield><marc:datafield tag="954" ind1=" " ind2=" "><marc:subfield code="a">164</marc:subfield><marc:subfield code="b">360743358</marc:subfield><marc:subfield code="c">03</marc:subfield><marc:subfield code="f">WOB</marc:subfield><marc:subfield code="d">IT MP 200</marc:subfield><marc:subfield code="e">u</marc:subfield><marc:subfield code="k">1.-5. Ex.</marc:subfield><marc:subfield code="x">0916</marc:subfield></marc:datafield><marc:datafield tag="954" ind1=" " ind2=" "><marc:subfield code="a">185</marc:subfield><marc:subfield code="b">302924191</marc:subfield><marc:subfield code="c">03</marc:subfield><marc:subfield code="d">ST 250 P30 S774</marc:subfield><marc:subfield code="e">u</marc:subfield><marc:subfield code="x">3519</marc:subfield></marc:datafield><marc:datafield tag="954" ind1=" " ind2=" "><marc:subfield code="a">186</marc:subfield><marc:subfield code="b">291498744</marc:subfield><marc:subfield code="c">01</marc:subfield><marc:subfield code="f">FH</marc:subfield><marc:subfield code="d">64:TWG-134</marc:subfield><marc:subfield code="e">u</marc:subfield><marc:subfield code="x">0519</marc:subfield></marc:datafield><marc:datafield tag="954" ind1=" " ind2=" "><marc:subfield code="a">187</marc:subfield><marc:subfield code="b">314703667</marc:subfield><marc:subfield code="c">01</marc:subfield><marc:subfield code="f">Ki 95/0</marc:subfield><marc:subfield code="d">3365 Sri</marc:subfield><marc:subfield code="e">c</marc:subfield><marc:subfield code="x">3520/5</marc:subfield></marc:datafield><marc:datafield tag="954" ind1=" " ind2=" "><marc:subfield code="a">230</marc:subfield><marc:subfield code="b">717938271</marc:subfield><marc:subfield code="c">01</marc:subfield><marc:subfield code="d">IN 350-67</marc:subfield><marc:subfield code="e">u</marc:subfield><marc:subfield code="k">1. Ex.</marc:subfield><marc:subfield code="x">0552</marc:subfield></marc:datafield><marc:datafield tag="954" ind1=" " ind2=" "><marc:subfield code="a">231</marc:subfield><marc:subfield code="b">308336356</marc:subfield><marc:subfield code="c">01</marc:subfield><marc:subfield code="f">LS1</marc:subfield><marc:subfield code="d">EIC 460 0267</marc:subfield><marc:subfield code="e">u</marc:subfield><marc:subfield code="x">0527/0001</marc:subfield></marc:datafield><marc:datafield tag="954" ind1=" " ind2=" "><marc:subfield code="a">285</marc:subfield><marc:subfield code="b">792653343</marc:subfield><marc:subfield code="c">01</marc:subfield><marc:subfield code="f">1659</marc:subfield><marc:subfield code="d">ohne Signatur</marc:subfield><marc:subfield code="e">d</marc:subfield><marc:subfield code="x">0517</marc:subfield></marc:datafield></marc:record>