
<marc:record><marc:leader>06483nam a2201129 c 4500</marc:leader>
<marc:controlfield tag="001">235126195</marc:controlfield>
<marc:controlfield tag="003">DE-601</marc:controlfield><marc:controlfield tag="005">20150101172932.0</marc:controlfield><marc:controlfield tag="008">971007s1998    xxk           000 0 ger d</marc:controlfield><marc:datafield tag="015" ind1=" " ind2=" "><marc:subfield code="a">97N420315</marc:subfield><marc:subfield code="2">dnb</marc:subfield></marc:datafield><marc:datafield tag="015" ind1=" " ind2=" "><marc:subfield code="a">98A120860</marc:subfield><marc:subfield code="2">dnb</marc:subfield></marc:datafield><marc:datafield tag="016" ind1="7" ind2=" "><marc:subfield code="a">951480952</marc:subfield><marc:subfield code="2">DE-101</marc:subfield></marc:datafield><marc:datafield tag="020" ind1=" " ind2=" "><marc:subfield code="a">389721105X (kart.:  DM 59.00)</marc:subfield><marc:subfield code="9">3-89721-105-X</marc:subfield></marc:datafield><marc:datafield tag="024" ind1="8" ind2=" "><marc:subfield code="a">ubc002226</marc:subfield></marc:datafield><marc:datafield tag="024" ind1="8" ind2=" "><marc:subfield code="a">ubc120718</marc:subfield></marc:datafield><marc:datafield tag="035" ind1=" " ind2=" "><marc:subfield code="a">(OCoLC)845016941</marc:subfield></marc:datafield><marc:datafield tag="040" ind1=" " ind2=" "><marc:subfield code="a">GBVCP</marc:subfield><marc:subfield code="b">ger</marc:subfield><marc:subfield code="c">GBVCP</marc:subfield><marc:subfield code="e">rakwb</marc:subfield></marc:datafield><marc:datafield tag="041" ind1="0" ind2=" "><marc:subfield code="a">ger</marc:subfield></marc:datafield><marc:datafield tag="044" ind1=" " ind2=" "><marc:subfield code="a">xxk</marc:subfield><marc:subfield code="a">gw</marc:subfield><marc:subfield code="a">fr</marc:subfield></marc:datafield><marc:datafield tag="084" ind1=" " ind2=" "><marc:subfield code="a">EDV 440 PER</marc:subfield><marc:subfield code="2">sfb</marc:subfield></marc:datafield><marc:datafield tag="084" ind1=" " ind2=" "><marc:subfield code="a">28</marc:subfield><marc:subfield code="2">sdnb</marc:subfield></marc:datafield><marc:datafield tag="084" ind1=" " ind2=" "><marc:subfield code="a">54.53</marc:subfield><marc:subfield code="9">Programmiersprachen</marc:subfield><marc:subfield code="2">bcl</marc:subfield></marc:datafield><marc:datafield tag="100" ind1="1" ind2=" "><marc:subfield code="a">Schwartz, Randal L.</marc:subfield><marc:subfield code="0">(DE-601)080606733</marc:subfield><marc:subfield code="0">(DE-588)120327996</marc:subfield></marc:datafield><marc:datafield tag="240" ind1="1" ind2="0"><marc:subfield code="a">Learning perl &lt;dt.&gt;</marc:subfield></marc:datafield><marc:datafield tag="245" ind1="1" ind2="0"><marc:subfield code="a">Einführung in Perl</marc:subfield><marc:subfield code="c">Randal L. Schwartz; Tom Christiansen. [Dt. Übers. von Matthias Kalle Dalheimer]</marc:subfield></marc:datafield><marc:datafield tag="250" ind1=" " ind2=" "><marc:subfield code="a">2. Aufl</marc:subfield></marc:datafield><marc:datafield tag="260" ind1="3" ind2=" "><marc:subfield code="a">Cambridge [u.a.]</marc:subfield><marc:subfield code="b">O'Reilly</marc:subfield><marc:subfield code="c">1998</marc:subfield></marc:datafield><marc:datafield tag="300" ind1=" " ind2=" "><marc:subfield code="a">XXIX, 287 S</marc:subfield><marc:subfield code="b">Ill., graph. Darst</marc:subfield><marc:subfield code="c">23 cm</marc:subfield></marc:datafield><marc:datafield tag="650" ind1=" " ind2="7"><marc:subfield code="0">(DE-601)123519713</marc:subfield><marc:subfield code="0">(DE-588)4307836-9</marc:subfield><marc:subfield code="a">Perl</marc:subfield><marc:subfield code="9">g:Programmiersprache</marc:subfield><marc:subfield code="2">gnd</marc:subfield></marc:datafield><marc:datafield tag="689" ind1="0" ind2="0"><marc:subfield code="0">(DE-601)123519713</marc:subfield><marc:subfield code="0">(DE-588)4307836-9</marc:subfield><marc:subfield code="a">Perl</marc:subfield><marc:subfield code="9">g:Programmiersprache</marc:subfield></marc:datafield><marc:datafield tag="700" ind1="1" ind2=" "><marc:subfield code="a">Christiansen, Tom</marc:subfield><marc:subfield code="e">Author</marc:subfield><marc:subfield code="4">aut</marc:subfield></marc:datafield><marc:datafield tag="700" ind1="1" ind2=" "><marc:subfield code="a">Dalheimer, Matthias Kalle</marc:subfield></marc:datafield><marc:datafield tag="856" ind1="4" ind2="2"><marc:subfield code="u">http://external.dandelon.com/download/attachments/dandelon/ids/FL0011CEA.pdf</marc:subfield><marc:subfield code="m">V:DE-601;AGI</marc:subfield><marc:subfield code="3">Inhaltsverzeichnis</marc:subfield></marc:datafield><marc:datafield tag="900" ind1=" " ind2=" "><marc:subfield code="a">GBV</marc:subfield><marc:subfield code="b">UB Braunschweig &lt;84&gt;</marc:subfield><marc:subfield code="d">!L4! CP-200</marc:subfield><marc:subfield code="x">N</marc:subfield><marc:subfield code="z">N</marc:subfield><marc:subfield code="d">!F3! MAK809</marc:subfield><marc:subfield code="x">N</marc:subfield><marc:subfield code="z">N</marc:subfield></marc:datafield><marc:datafield tag="900" ind1=" " ind2=" "><marc:subfield code="a">GBV</marc:subfield><marc:subfield code="b">SUB+Uni Hamburg &lt;18&gt;</marc:subfield><marc:subfield code="d">!18/295! GF 67.2 Büro Hanke</marc:subfield><marc:subfield code="x">N</marc:subfield><marc:subfield code="z">N</marc:subfield></marc:datafield><marc:datafield tag="900" ind1=" " ind2=" "><marc:subfield code="a">GBV</marc:subfield><marc:subfield code="b">TUB Hamburg &lt;830&gt;</marc:subfield><marc:subfield code="d">!27! 2784-1501</marc:subfield></marc:datafield><marc:datafield tag="900" ind1=" " ind2=" "><marc:subfield code="a">GBV</marc:subfield><marc:subfield code="b">UB Kiel &lt;8&gt;</marc:subfield><marc:subfield code="d">!10 inf 642! Db 3670+002</marc:subfield><marc:subfield code="x">L</marc:subfield><marc:subfield code="z">LC</marc:subfield><marc:subfield code="s">8</marc:subfield></marc:datafield><marc:datafield tag="900" ind1=" " ind2=" "><marc:subfield code="a">GBV</marc:subfield><marc:subfield code="b">UB Clausthal &lt;104&gt;</marc:subfield><marc:subfield code="d">!104/05!  CL 05 : IMET5: Raum 154 (Sek. 2): D 51</marc:subfield><marc:subfield code="x">N</marc:subfield><marc:subfield code="z">N</marc:subfield><marc:subfield code="f">Institutsbestand, deshalb nähere Informationen im Inst. f. Metallurgie (IMET5)</marc:subfield><marc:subfield code="d">!104/13!  CL 13 : IfW13 31 Y 119</marc:subfield><marc:subfield code="x">N</marc:subfield><marc:subfield code="z">N</marc:subfield><marc:subfield code="f">Institutsbestand, deshalb nähere Informationen im Inst. f. Wirtschaftswissenschaft (IfW13)</marc:subfield></marc:datafield><marc:datafield tag="900" ind1=" " ind2=" "><marc:subfield code="a">GBV</marc:subfield><marc:subfield code="b">HAW Hamburg</marc:subfield><marc:subfield code="d">!18/302! Cc 10268</marc:subfield><marc:subfield code="x">N</marc:subfield><marc:subfield code="z">N</marc:subfield><marc:subfield code="f">Dauerausleihe Intranet Service</marc:subfield><marc:subfield code="d">!18/302! Dat 346 PER 6/2.A. c</marc:subfield><marc:subfield code="x">N</marc:subfield><marc:subfield code="z">N</marc:subfield><marc:subfield code="f">Dauerausleihe Rechenzentrum, M+P</marc:subfield></marc:datafield><marc:datafield tag="900" ind1=" " ind2=" "><marc:subfield code="a">GBV</marc:subfield><marc:subfield code="b">UB Rostock &lt;28&gt;</marc:subfield><marc:subfield code="d">!28/BB1! ST 250 P30 S399(2)+6</marc:subfield><marc:subfield code="x">L</marc:subfield><marc:subfield code="z">LC</marc:subfield><marc:subfield code="d">98 A 25675</marc:subfield></marc:datafield><marc:datafield tag="900" ind1=" " ind2=" "><marc:subfield code="a">GBV</marc:subfield><marc:subfield code="b">ULB Halle &lt;3&gt;</marc:subfield><marc:subfield code="d">!Ha 4! MI IN 98-52</marc:subfield><marc:subfield code="x">L</marc:subfield><marc:subfield code="z">LC</marc:subfield><marc:subfield code="s">3/4</marc:subfield><marc:subfield code="d">!Ha 4! U RZ 99-126</marc:subfield><marc:subfield code="x">L</marc:subfield><marc:subfield code="z">LC</marc:subfield><marc:subfield code="s">3/4</marc:subfield></marc:datafield><marc:datafield tag="900" ind1=" " ind2=" "><marc:subfield code="a">GBV</marc:subfield><marc:subfield code="b">HS Kunst Design Halle &lt;Ha 125&gt;</marc:subfield><marc:subfield code="d">A 11890</marc:subfield><marc:subfield code="x">N</marc:subfield><marc:subfield code="z">N</marc:subfield><marc:subfield code="f">HB ÖA</marc:subfield></marc:datafield><marc:datafield tag="900" ind1=" " ind2=" "><marc:subfield code="a">GBV</marc:subfield><marc:subfield code="b">UB Greifswald &lt;9&gt;</marc:subfield><marc:subfield code="d">!UB 660! 660/ST 250 P30 S399(2)</marc:subfield><marc:subfield code="x">L</marc:subfield><marc:subfield code="z">LC</marc:subfield></marc:datafield><marc:datafield tag="900" ind1=" " ind2=" "><marc:subfield code="a">GBV</marc:subfield><marc:subfield code="b">TIB/UB Hannover &lt;89&gt;</marc:subfield><marc:subfield code="d">T 98 B 870</marc:subfield></marc:datafield><marc:datafield tag="900" ind1=" " ind2=" "><marc:subfield code="a">GBV</marc:subfield><marc:subfield code="b">ZHSB Lübeck &lt;841&gt;</marc:subfield><marc:subfield code="d">!Mag! 1998 A 1826</marc:subfield><marc:subfield code="x">L</marc:subfield><marc:subfield code="z">LC</marc:subfield><marc:subfield code="d">Telemat</marc:subfield><marc:subfield code="x">N</marc:subfield><marc:subfield code="z">N</marc:subfield></marc:datafield><marc:datafield tag="900" ind1=" " ind2=" "><marc:subfield code="a">GBV</marc:subfield><marc:subfield code="b">UB Lüneburg &lt;Luen 4&gt;</marc:subfield><marc:subfield code="d">!CAM! DV 3843.012</marc:subfield><marc:subfield code="x">L</marc:subfield><marc:subfield code="z">LC</marc:subfield><marc:subfield code="s">3110</marc:subfield></marc:datafield><marc:datafield tag="900" ind1=" " ind2=" "><marc:subfield code="a">GBV</marc:subfield><marc:subfield code="b">UB Osnabrück &lt;700&gt;</marc:subfield><marc:subfield code="d">!N! TXK / Per / Scw</marc:subfield><marc:subfield code="x">L</marc:subfield><marc:subfield code="z">LC</marc:subfield><marc:subfield code="d">!N! TXK / Per / Scw</marc:subfield><marc:subfield code="x">L</marc:subfield><marc:subfield code="z">LC</marc:subfield></marc:datafield><marc:datafield tag="900" ind1=" " ind2=" "><marc:subfield code="a">GBV</marc:subfield><marc:subfield code="b">EAH Jena &lt;J 59&gt;</marc:subfield><marc:subfield code="d">!Mag1! 54.53,131-98/19771</marc:subfield><marc:subfield code="x">L</marc:subfield><marc:subfield code="z">LC</marc:subfield></marc:datafield><marc:datafield tag="900" ind1=" " ind2=" "><marc:subfield code="a">GBV</marc:subfield><marc:subfield code="b">HSB Emden/Leer &lt;755&gt;</marc:subfield><marc:subfield code="d">TXU / Schw</marc:subfield><marc:subfield code="x">N</marc:subfield><marc:subfield code="z">N</marc:subfield></marc:datafield><marc:datafield tag="900" ind1=" " ind2=" "><marc:subfield code="a">GBV</marc:subfield><marc:subfield code="b">Hochschule Hannover &lt;960&gt;</marc:subfield><marc:subfield code="d">!Z! EDV 3210-PER /346(2):1</marc:subfield><marc:subfield code="x">L</marc:subfield><marc:subfield code="z">C</marc:subfield><marc:subfield code="s">960/1</marc:subfield><marc:subfield code="f">10 Ex.</marc:subfield><marc:subfield code="d">!Z! EDV 3210-PER /346(2):2</marc:subfield><marc:subfield code="x">L</marc:subfield><marc:subfield code="z">LC</marc:subfield><marc:subfield code="s">960/1</marc:subfield><marc:subfield code="d">!Z! EDV 3210-PER /346(2):3</marc:subfield><marc:subfield code="x">L</marc:subfield><marc:subfield code="z">LC</marc:subfield><marc:subfield code="s">960/1</marc:subfield><marc:subfield code="d">!Z! EDV 3210-PER /346(2):4</marc:subfield><marc:subfield code="x">L</marc:subfield><marc:subfield code="z">LC</marc:subfield><marc:subfield code="s">960/1</marc:subfield><marc:subfield code="d">!Z! EDV 3210-PER /346(2):5</marc:subfield><marc:subfield code="x">L</marc:subfield><marc:subfield code="z">LC</marc:subfield><marc:subfield code="s">960/1</marc:subfield><marc:subfield code="d">!Z! EDV 3210-PER /346(2):6</marc:subfield><marc:subfield code="x">L</marc:subfield><marc:subfield code="z">LC</marc:subfield><marc:subfield code="s">960/1</marc:subfield><marc:subfield code="d">!Z! EDV 3210-PER /346(2):7</marc:subfield><marc:subfield code="x">L</marc:subfield><marc:subfield code="z">LC</marc:subfield><marc:subfield code="s">960/1</marc:subfield><marc:subfield code="d">!Z! EDV 3210-PER /346(2):8</marc:subfield><marc:subfield code="x">L</marc:subfield><marc:subfield code="z">LC</marc:subfield><marc:subfield code="s">960/1</marc:subfield><marc:subfield code="d">!Z! EDV 3210-PER /346(2):9</marc:subfield><marc:subfield code="x">L</marc:subfield><marc:subfield code="z">LC</marc:subfield><marc:subfield code="s">960/1</marc:subfield><marc:subfield code="d">!Z! EDV 3210-PER /346(2):10</marc:subfield><marc:subfield code="x">L</marc:subfield><marc:subfield code="z">LC</marc:subfield><marc:subfield code="s">960/1</marc:subfield></marc:datafield><marc:datafield tag="900" ind1=" " ind2=" "><marc:subfield code="a">GBV</marc:subfield><marc:subfield code="b">FH Stralsund &lt;Sra 5&gt;</marc:subfield><marc:subfield code="d">ST 250 P30</marc:subfield><marc:subfield code="x">L</marc:subfield><marc:subfield code="z">LC</marc:subfield><marc:subfield code="d">ST 250 P30</marc:subfield><marc:subfield code="x">L</marc:subfield><marc:subfield code="z">LC</marc:subfield><marc:subfield code="d">ST 250 P30 S399(2)</marc:subfield><marc:subfield code="x">L</marc:subfield><marc:subfield code="z">LC</marc:subfield><marc:subfield code="d">ST 250 P30 S399(2)</marc:subfield><marc:subfield code="x">L</marc:subfield><marc:subfield code="z">LC</marc:subfield></marc:datafield><marc:datafield tag="900" ind1=" " ind2=" "><marc:subfield code="a">GBV</marc:subfield><marc:subfield code="b">MPI Dyn.kompl.Syst., MA &lt;Ma 54&gt;</marc:subfield><marc:subfield code="d">!FREI! Inf 300-50</marc:subfield><marc:subfield code="x">N</marc:subfield><marc:subfield code="z">N</marc:subfield></marc:datafield><marc:datafield tag="950" ind1=" " ind2=" "><marc:subfield code="a">Perl</marc:subfield><marc:subfield code="2">30</marc:subfield></marc:datafield><marc:datafield tag="951" ind1=" " ind2=" "><marc:subfield code="a">DAT 346 PER</marc:subfield><marc:subfield code="2">34</marc:subfield></marc:datafield><marc:datafield tag="951" ind1=" " ind2=" "><marc:subfield code="a">ST 250 P30</marc:subfield><marc:subfield code="2">69</marc:subfield></marc:datafield><marc:datafield tag="951" ind1=" " ind2=" "><marc:subfield code="a">VK 1960 Per</marc:subfield><marc:subfield code="2">105</marc:subfield></marc:datafield><marc:datafield tag="951" ind1=" " ind2=" "><marc:subfield code="a">DV 3843</marc:subfield><marc:subfield code="2">110</marc:subfield></marc:datafield><marc:datafield tag="951" ind1=" " ind2=" "><marc:subfield code="a">TXU</marc:subfield><marc:subfield code="2">160</marc:subfield></marc:datafield><marc:datafield tag="951" ind1=" " ind2=" "><marc:subfield code="a">ST 250 P30</marc:subfield><marc:subfield code="2">185</marc:subfield></marc:datafield><marc:datafield tag="951" ind1=" " ind2=" "><marc:subfield code="a">INF 300</marc:subfield><marc:subfield code="2">215</marc:subfield></marc:datafield><marc:datafield tag="954" ind1=" " ind2=" "><marc:subfield code="a">20</marc:subfield><marc:subfield code="b">472809504</marc:subfield><marc:subfield code="c">02</marc:subfield><marc:subfield code="f">L4</marc:subfield><marc:subfield code="d">CP-200</marc:subfield><marc:subfield code="e">i</marc:subfield><marc:subfield code="x">0084</marc:subfield></marc:datafield><marc:datafield tag="954" ind1=" " ind2=" "><marc:subfield code="a">20</marc:subfield><marc:subfield code="b">648577910</marc:subfield><marc:subfield code="c">03</marc:subfield><marc:subfield code="f">F3</marc:subfield><marc:subfield code="d">MAK809</marc:subfield><marc:subfield code="e">i</marc:subfield><marc:subfield code="x">0084</marc:subfield></marc:datafield><marc:datafield tag="954" ind1=" " ind2=" "><marc:subfield code="a">22</marc:subfield><marc:subfield code="b">27607291X</marc:subfield><marc:subfield code="c">01</marc:subfield><marc:subfield code="f">18/295</marc:subfield><marc:subfield code="d">GF 67.2 Büro Hanke</marc:subfield><marc:subfield code="e">i</marc:subfield><marc:subfield code="x">0018</marc:subfield></marc:datafield><marc:datafield tag="954" ind1=" " ind2=" "><marc:subfield code="a">23</marc:subfield><marc:subfield code="b">280301464</marc:subfield><marc:subfield code="c">01</marc:subfield><marc:subfield code="f">27</marc:subfield><marc:subfield code="d">2784-1501</marc:subfield><marc:subfield code="x">0830</marc:subfield></marc:datafield><marc:datafield tag="954" ind1=" " ind2=" "><marc:subfield code="a">24</marc:subfield><marc:subfield code="b">264667360</marc:subfield><marc:subfield code="c">01</marc:subfield><marc:subfield code="f">10 inf 642</marc:subfield><marc:subfield code="d">Db 3670+002</marc:subfield><marc:subfield code="e">u</marc:subfield><marc:subfield code="x">0008</marc:subfield></marc:datafield><marc:datafield tag="954" ind1=" " ind2=" "><marc:subfield code="a">30</marc:subfield><marc:subfield code="b">94348281X</marc:subfield><marc:subfield code="c">01</marc:subfield><marc:subfield code="f">104/05</marc:subfield><marc:subfield code="d"> CL 05 : IMET5: Raum 154 (Sek. 2): D 51</marc:subfield><marc:subfield code="e">g</marc:subfield><marc:subfield code="k">Institutsbestand, deshalb nähere Informationen im Inst. f. Metallurgie (IMET5)</marc:subfield><marc:subfield code="x">0104</marc:subfield></marc:datafield><marc:datafield tag="954" ind1=" " ind2=" "><marc:subfield code="a">30</marc:subfield><marc:subfield code="b">943578701</marc:subfield><marc:subfield code="c">02</marc:subfield><marc:subfield code="f">104/13</marc:subfield><marc:subfield code="d"> CL 13 : IfW13 31 Y 119</marc:subfield><marc:subfield code="e">g</marc:subfield><marc:subfield code="k">Institutsbestand, deshalb nähere Informationen im Inst. f. Wirtschaftswissenschaft (IfW13)</marc:subfield><marc:subfield code="x">0104</marc:subfield></marc:datafield><marc:datafield tag="954" ind1=" " ind2=" "><marc:subfield code="a">34</marc:subfield><marc:subfield code="b">284263125</marc:subfield><marc:subfield code="c">01</marc:subfield><marc:subfield code="f">18/302</marc:subfield><marc:subfield code="d">Cc 10268</marc:subfield><marc:subfield code="e">c</marc:subfield><marc:subfield code="k">Dauerausleihe Intranet Service</marc:subfield><marc:subfield code="x">3551</marc:subfield></marc:datafield><marc:datafield tag="954" ind1=" " ind2=" "><marc:subfield code="a">34</marc:subfield><marc:subfield code="b">348306334</marc:subfield><marc:subfield code="c">04</marc:subfield><marc:subfield code="f">18/302</marc:subfield><marc:subfield code="d">Dat 346 PER 6/2.A. c</marc:subfield><marc:subfield code="e">c</marc:subfield><marc:subfield code="k">Dauerausleihe Rechenzentrum, M+P</marc:subfield><marc:subfield code="x">3551</marc:subfield></marc:datafield><marc:datafield tag="954" ind1=" " ind2=" "><marc:subfield code="a">62</marc:subfield><marc:subfield code="b">29450091X</marc:subfield><marc:subfield code="c">01</marc:subfield><marc:subfield code="f">28/BB1</marc:subfield><marc:subfield code="d">ST 250 P30 S399(2)+6</marc:subfield><marc:subfield code="e">u</marc:subfield><marc:subfield code="d">98 A 25675</marc:subfield><marc:subfield code="x">0028</marc:subfield></marc:datafield><marc:datafield tag="954" ind1=" " ind2=" "><marc:subfield code="a">65</marc:subfield><marc:subfield code="b">272274585</marc:subfield><marc:subfield code="c">01</marc:subfield><marc:subfield code="f">Ha 4</marc:subfield><marc:subfield code="d">MI IN 98-52</marc:subfield><marc:subfield code="e">u</marc:subfield><marc:subfield code="x">3/4</marc:subfield></marc:datafield><marc:datafield tag="954" ind1=" " ind2=" "><marc:subfield code="a">65</marc:subfield><marc:subfield code="b">363251367</marc:subfield><marc:subfield code="c">02</marc:subfield><marc:subfield code="f">Ha 4</marc:subfield><marc:subfield code="d">U RZ 99-126</marc:subfield><marc:subfield code="e">u</marc:subfield><marc:subfield code="x">3/4</marc:subfield></marc:datafield><marc:datafield tag="954" ind1=" " ind2=" "><marc:subfield code="a">66</marc:subfield><marc:subfield code="b">347847897</marc:subfield><marc:subfield code="c">01</marc:subfield><marc:subfield code="d">A 11890</marc:subfield><marc:subfield code="e">g</marc:subfield><marc:subfield code="k">HB ÖA</marc:subfield><marc:subfield code="x">3066</marc:subfield></marc:datafield><marc:datafield tag="954" ind1=" " ind2=" "><marc:subfield code="a">69</marc:subfield><marc:subfield code="b">279052731</marc:subfield><marc:subfield code="c">01</marc:subfield><marc:subfield code="f">UB 660</marc:subfield><marc:subfield code="d">660/ST 250 P30 S399(2)</marc:subfield><marc:subfield code="e">u</marc:subfield><marc:subfield code="x">0009</marc:subfield></marc:datafield><marc:datafield tag="954" ind1=" " ind2=" "><marc:subfield code="a">70</marc:subfield><marc:subfield code="b">270681825</marc:subfield><marc:subfield code="c">01</marc:subfield><marc:subfield code="d">T 98 B 870</marc:subfield><marc:subfield code="x">0089</marc:subfield></marc:datafield><marc:datafield tag="954" ind1=" " ind2=" "><marc:subfield code="a">105</marc:subfield><marc:subfield code="b">308786785</marc:subfield><marc:subfield code="c">01</marc:subfield><marc:subfield code="f">Mag</marc:subfield><marc:subfield code="d">1998 A 1826</marc:subfield><marc:subfield code="e">u</marc:subfield><marc:subfield code="x">0841</marc:subfield></marc:datafield><marc:datafield tag="954" ind1=" " ind2=" "><marc:subfield code="a">105</marc:subfield><marc:subfield code="b">1117605558</marc:subfield><marc:subfield code="c">06</marc:subfield><marc:subfield code="d">Telemat</marc:subfield><marc:subfield code="e">g</marc:subfield><marc:subfield code="x">0841</marc:subfield></marc:datafield><marc:datafield tag="954" ind1=" " ind2=" "><marc:subfield code="a">110</marc:subfield><marc:subfield code="b">291172164</marc:subfield><marc:subfield code="c">01</marc:subfield><marc:subfield code="f">CAM</marc:subfield><marc:subfield code="d">DV 3843.012</marc:subfield><marc:subfield code="e">u</marc:subfield><marc:subfield code="x">3110</marc:subfield></marc:datafield><marc:datafield tag="954" ind1=" " ind2=" "><marc:subfield code="a">130</marc:subfield><marc:subfield code="b">308368983</marc:subfield><marc:subfield code="c">01</marc:subfield><marc:subfield code="f">N</marc:subfield><marc:subfield code="d">TXK / Per / Scw</marc:subfield><marc:subfield code="e">u</marc:subfield><marc:subfield code="x">0700</marc:subfield></marc:datafield><marc:datafield tag="954" ind1=" " ind2=" "><marc:subfield code="a">130</marc:subfield><marc:subfield code="b">316141461</marc:subfield><marc:subfield code="c">02</marc:subfield><marc:subfield code="f">N</marc:subfield><marc:subfield code="d">TXK / Per / Scw</marc:subfield><marc:subfield code="e">u</marc:subfield><marc:subfield code="x">0700</marc:subfield></marc:datafield><marc:datafield tag="954" ind1=" " ind2=" "><marc:subfield code="a">150</marc:subfield><marc:subfield code="b">301318964</marc:subfield><marc:subfield code="c">01</marc:subfield><marc:subfield code="f">Mag1</marc:subfield><marc:subfield code="d">54.53,131-98/19771</marc:subfield><marc:subfield code="e">u</marc:subfield><marc:subfield code="x">3406</marc:subfield></marc:datafield><marc:datafield tag="954" ind1=" " ind2=" "><marc:subfield code="a">160</marc:subfield><marc:subfield code="b">293124620</marc:subfield><marc:subfield code="c">01</marc:subfield><marc:subfield code="d">TXU / Schw</marc:subfield><marc:subfield code="e">c</marc:subfield><marc:subfield code="x">0755</marc:subfield></marc:datafield><marc:datafield tag="954" ind1=" " ind2=" "><marc:subfield code="a">161</marc:subfield><marc:subfield code="b">289896177</marc:subfield><marc:subfield code="c">01</marc:subfield><marc:subfield code="f">Z</marc:subfield><marc:subfield code="d">EDV 3210-PER /346(2):1</marc:subfield><marc:subfield code="e">s</marc:subfield><marc:subfield code="k">10 Ex.</marc:subfield><marc:subfield code="x">960/1</marc:subfield></marc:datafield><marc:datafield tag="954" ind1=" " ind2=" "><marc:subfield code="a">161</marc:subfield><marc:subfield code="b">292706162</marc:subfield><marc:subfield code="c">02</marc:subfield><marc:subfield code="f">Z</marc:subfield><marc:subfield code="d">EDV 3210-PER /346(2):2</marc:subfield><marc:subfield code="e">u</marc:subfield><marc:subfield code="x">960/1</marc:subfield></marc:datafield><marc:datafield tag="954" ind1=" " ind2=" "><marc:subfield code="a">161</marc:subfield><marc:subfield code="b">292706170</marc:subfield><marc:subfield code="c">03</marc:subfield><marc:subfield code="f">Z</marc:subfield><marc:subfield code="d">EDV 3210-PER /346(2):3</marc:subfield><marc:subfield code="e">u</marc:subfield><marc:subfield code="x">960/1</marc:subfield></marc:datafield><marc:datafield tag="954" ind1=" " ind2=" "><marc:subfield code="a">161</marc:subfield><marc:subfield code="b">292706189</marc:subfield><marc:subfield code="c">04</marc:subfield><marc:subfield code="f">Z</marc:subfield><marc:subfield code="d">EDV 3210-PER /346(2):4</marc:subfield><marc:subfield code="e">u</marc:subfield><marc:subfield code="x">960/1</marc:subfield></marc:datafield><marc:datafield tag="954" ind1=" " ind2=" "><marc:subfield code="a">161</marc:subfield><marc:subfield code="b">292706197</marc:subfield><marc:subfield code="c">05</marc:subfield><marc:subfield code="f">Z</marc:subfield><marc:subfield code="d">EDV 3210-PER /346(2):5</marc:subfield><marc:subfield code="e">u</marc:subfield><marc:subfield code="x">960/1</marc:subfield></marc:datafield><marc:datafield tag="954" ind1=" " ind2=" "><marc:subfield code="a">161</marc:subfield><marc:subfield code="b">292706200</marc:subfield><marc:subfield code="c">06</marc:subfield><marc:subfield code="f">Z</marc:subfield><marc:subfield code="d">EDV 3210-PER /346(2):6</marc:subfield><marc:subfield code="e">u</marc:subfield><marc:subfield code="x">960/1</marc:subfield></marc:datafield><marc:datafield tag="954" ind1=" " ind2=" "><marc:subfield code="a">161</marc:subfield><marc:subfield code="b">292706219</marc:subfield><marc:subfield code="c">07</marc:subfield><marc:subfield code="f">Z</marc:subfield><marc:subfield code="d">EDV 3210-PER /346(2):7</marc:subfield><marc:subfield code="e">u</marc:subfield><marc:subfield code="x">960/1</marc:subfield></marc:datafield><marc:datafield tag="954" ind1=" " ind2=" "><marc:subfield code="a">161</marc:subfield><marc:subfield code="b">292706227</marc:subfield><marc:subfield code="c">08</marc:subfield><marc:subfield code="f">Z</marc:subfield><marc:subfield code="d">EDV 3210-PER /346(2):8</marc:subfield><marc:subfield code="e">u</marc:subfield><marc:subfield code="x">960/1</marc:subfield></marc:datafield><marc:datafield tag="954" ind1=" " ind2=" "><marc:subfield code="a">161</marc:subfield><marc:subfield code="b">292706235</marc:subfield><marc:subfield code="c">09</marc:subfield><marc:subfield code="f">Z</marc:subfield><marc:subfield code="d">EDV 3210-PER /346(2):9</marc:subfield><marc:subfield code="e">u</marc:subfield><marc:subfield code="x">960/1</marc:subfield></marc:datafield><marc:datafield tag="954" ind1=" " ind2=" "><marc:subfield code="a">161</marc:subfield><marc:subfield code="b">292706243</marc:subfield><marc:subfield code="c">10</marc:subfield><marc:subfield code="f">Z</marc:subfield><marc:subfield code="d">EDV 3210-PER /346(2):10</marc:subfield><marc:subfield code="e">u</marc:subfield><marc:subfield code="x">960/1</marc:subfield></marc:datafield><marc:datafield tag="954" ind1=" " ind2=" "><marc:subfield code="a">185</marc:subfield><marc:subfield code="b">301159270</marc:subfield><marc:subfield code="c">02</marc:subfield><marc:subfield code="d">ST 250 P30</marc:subfield><marc:subfield code="e">u</marc:subfield><marc:subfield code="x">3519</marc:subfield></marc:datafield><marc:datafield tag="954" ind1=" " ind2=" "><marc:subfield code="a">185</marc:subfield><marc:subfield code="b">301159289</marc:subfield><marc:subfield code="c">03</marc:subfield><marc:subfield code="d">ST 250 P30</marc:subfield><marc:subfield code="e">u</marc:subfield><marc:subfield code="x">3519</marc:subfield></marc:datafield><marc:datafield tag="954" ind1=" " ind2=" "><marc:subfield code="a">185</marc:subfield><marc:subfield code="b">301159297</marc:subfield><marc:subfield code="c">04</marc:subfield><marc:subfield code="d">ST 250 P30 S399(2)</marc:subfield><marc:subfield code="e">u</marc:subfield><marc:subfield code="x">3519</marc:subfield></marc:datafield><marc:datafield tag="954" ind1=" " ind2=" "><marc:subfield code="a">185</marc:subfield><marc:subfield code="b">301159300</marc:subfield><marc:subfield code="c">05</marc:subfield><marc:subfield code="d">ST 250 P30 S399(2)</marc:subfield><marc:subfield code="e">u</marc:subfield><marc:subfield code="x">3519</marc:subfield></marc:datafield><marc:datafield tag="954" ind1=" " ind2=" "><marc:subfield code="a">215</marc:subfield><marc:subfield code="b">292445210</marc:subfield><marc:subfield code="c">01</marc:subfield><marc:subfield code="f">FREI</marc:subfield><marc:subfield code="d">Inf 300-50</marc:subfield><marc:subfield code="e">c</marc:subfield><marc:subfield code="x">3215</marc:subfield></marc:datafield></marc:record>