
<marc:record><marc:leader>03302nam a2200733 c 4500</marc:leader>
<marc:controlfield tag="001">233848398</marc:controlfield>
<marc:controlfield tag="003">DE-601</marc:controlfield><marc:controlfield tag="005">20150101160537.0</marc:controlfield><marc:controlfield tag="008">970908s1997    xxk           000 0 eng d</marc:controlfield><marc:datafield tag="020" ind1=" " ind2=" "><marc:subfield code="a">1565922840</marc:subfield><marc:subfield code="c">£ 21.95</marc:subfield><marc:subfield code="9">1-56592-284-0</marc:subfield></marc:datafield><marc:datafield tag="024" ind1="8" ind2=" "><marc:subfield code="a">pot40000759</marc:subfield></marc:datafield><marc:datafield tag="024" ind1="8" ind2=" "><marc:subfield code="a">jubb1072610x</marc:subfield></marc:datafield><marc:datafield tag="035" ind1=" " ind2=" "><marc:subfield code="a">(OCoLC)845496672</marc:subfield></marc:datafield><marc:datafield tag="035" ind1=" " ind2=" "><marc:subfield code="a">(OCoLC)ocm37350495</marc:subfield></marc:datafield><marc:datafield tag="035" ind1=" " ind2=" "><marc:subfield code="a">(OCoLC)37350495</marc:subfield></marc:datafield><marc:datafield tag="035" ind1=" " ind2=" "><marc:subfield code="a">(DE-599)GBV233848398</marc:subfield></marc:datafield><marc:datafield tag="040" ind1=" " ind2=" "><marc:subfield code="a">GBVCP</marc:subfield><marc:subfield code="b">ger</marc:subfield><marc:subfield code="c">GBVCP</marc:subfield><marc:subfield code="e">rakwb</marc:subfield></marc:datafield><marc:datafield tag="041" ind1="0" ind2=" "><marc:subfield code="a">eng</marc:subfield></marc:datafield><marc:datafield tag="044" ind1=" " ind2=" "><marc:subfield code="a">xxk</marc:subfield><marc:subfield code="a">gw</marc:subfield><marc:subfield code="a">fr</marc:subfield></marc:datafield><marc:datafield tag="050" ind1=" " ind2="0"><marc:subfield code="a">QA76.73.P33</marc:subfield></marc:datafield><marc:datafield tag="084" ind1=" " ind2=" "><marc:subfield code="a">54.54</marc:subfield><marc:subfield code="9">Betriebssysteme</marc:subfield><marc:subfield code="2">bcl</marc:subfield></marc:datafield><marc:datafield tag="084" ind1=" " ind2=" "><marc:subfield code="a">54.53</marc:subfield><marc:subfield code="9">Programmiersprachen</marc:subfield><marc:subfield code="2">bcl</marc:subfield></marc:datafield><marc:datafield tag="100" ind1="1" ind2=" "><marc:subfield code="a">Schwartz, Randal L.</marc:subfield><marc:subfield code="0">(DE-601)080606733</marc:subfield><marc:subfield code="0">(DE-588)120327996</marc:subfield></marc:datafield><marc:datafield tag="245" ind1="1" ind2="0"><marc:subfield code="a">Learning Perl</marc:subfield><marc:subfield code="c">Randal L. Schwartz and Tom Christiansen</marc:subfield></marc:datafield><marc:datafield tag="250" ind1=" " ind2=" "><marc:subfield code="a">2. ed</marc:subfield></marc:datafield><marc:datafield tag="260" ind1="3" ind2=" "><marc:subfield code="a">Cambridge [u.a.]</marc:subfield><marc:subfield code="b">O'Reilly</marc:subfield><marc:subfield code="c">c1997</marc:subfield></marc:datafield><marc:datafield tag="300" ind1=" " ind2=" "><marc:subfield code="a">XXIX, 269 S</marc:subfield><marc:subfield code="b">graph. Darst</marc:subfield><marc:subfield code="c">24 cm</marc:subfield></marc:datafield><marc:datafield tag="490" ind1="0" ind2=" "><marc:subfield code="a">UNIX programming</marc:subfield></marc:datafield><marc:datafield tag="490" ind1="0" ind2=" "><marc:subfield code="a">A nutshell handbook</marc:subfield></marc:datafield><marc:datafield tag="500" ind1=" " ind2=" "><marc:subfield code="a">Literaturangaben</marc:subfield></marc:datafield><marc:datafield tag="650" ind1=" " ind2="7"><marc:subfield code="0">(DE-601)123519713</marc:subfield><marc:subfield code="0">(DE-588)4307836-9</marc:subfield><marc:subfield code="a">Perl</marc:subfield><marc:subfield code="9">g:Programmiersprache</marc:subfield><marc:subfield code="2">gnd</marc:subfield></marc:datafield><marc:datafield tag="653" ind1=" " ind2="0"><marc:subfield code="a">Perl (Computer program language)</marc:subfield></marc:datafield><marc:datafield tag="689" ind1="0" ind2="0"><marc:subfield code="0">(DE-601)123519713</marc:subfield><marc:subfield code="0">(DE-588)4307836-9</marc:subfield><marc:subfield code="a">Perl</marc:subfield><marc:subfield code="9">g:Programmiersprache</marc:subfield></marc:datafield><marc:datafield tag="700" ind1="1" ind2=" "><marc:subfield code="a">Christiansen, Tom</marc:subfield><marc:subfield code="e">Author</marc:subfield><marc:subfield code="4">aut</marc:subfield></marc:datafield><marc:datafield tag="856" ind1="4" ind2="2"><marc:subfield code="u">http://external.dandelon.com/download/attachments/dandelon/ids/DE0040D4037ACD024B734C12579B800397AA0.pdf</marc:subfield><marc:subfield code="m">V:DE-601;AGI</marc:subfield><marc:subfield code="3">Inhaltsverzeichnis</marc:subfield></marc:datafield><marc:datafield tag="900" ind1=" " ind2=" "><marc:subfield code="a">GBV</marc:subfield><marc:subfield code="b">TUB Hamburg &lt;830&gt;</marc:subfield><marc:subfield code="d">!27! 2782-0399</marc:subfield></marc:datafield><marc:datafield tag="900" ind1=" " ind2=" "><marc:subfield code="a">GBV</marc:subfield><marc:subfield code="b">UB Kiel &lt;8&gt;</marc:subfield><marc:subfield code="d">!8/62! 08.5 Sch 8 -2</marc:subfield><marc:subfield code="x">N</marc:subfield><marc:subfield code="z">N</marc:subfield></marc:datafield><marc:datafield tag="900" ind1=" " ind2=" "><marc:subfield code="a">GBV</marc:subfield><marc:subfield code="b">UB Rostock &lt;28&gt;</marc:subfield><marc:subfield code="d">!28/BB1! ST 250 P30 S411(2)</marc:subfield><marc:subfield code="x">L</marc:subfield><marc:subfield code="z">LC</marc:subfield><marc:subfield code="d">97 A 29421</marc:subfield></marc:datafield><marc:datafield tag="900" ind1=" " ind2=" "><marc:subfield code="a">GBV</marc:subfield><marc:subfield code="b">HS Merseburg &lt;542&gt;</marc:subfield><marc:subfield code="d">!FH! 54.53e 85&lt;2&gt;/1</marc:subfield><marc:subfield code="x">L</marc:subfield><marc:subfield code="z">LC</marc:subfield><marc:subfield code="s">3095/1</marc:subfield><marc:subfield code="d">FH 1999:8169</marc:subfield></marc:datafield><marc:datafield tag="900" ind1=" " ind2=" "><marc:subfield code="a">GBV</marc:subfield><marc:subfield code="b">UB Magdeburg &lt;Ma 9&gt;</marc:subfield><marc:subfield code="d">!FH! 2000.03973:1</marc:subfield><marc:subfield code="x">L</marc:subfield><marc:subfield code="z">LC</marc:subfield><marc:subfield code="d">!FH! 2000.03973:2</marc:subfield><marc:subfield code="x">L</marc:subfield><marc:subfield code="z">LC</marc:subfield></marc:datafield><marc:datafield tag="900" ind1=" " ind2=" "><marc:subfield code="a">GBV</marc:subfield><marc:subfield code="b">ZHSB Lübeck &lt;841&gt;</marc:subfield><marc:subfield code="d">VK 1960 Per 1997 A 753</marc:subfield><marc:subfield code="x">L</marc:subfield><marc:subfield code="z">LC</marc:subfield></marc:datafield><marc:datafield tag="900" ind1=" " ind2=" "><marc:subfield code="a">GBV</marc:subfield><marc:subfield code="b">UB Osnabrück &lt;700&gt;</marc:subfield><marc:subfield code="d">!N! TXK / Per / Scw</marc:subfield><marc:subfield code="x">L</marc:subfield><marc:subfield code="z">LC</marc:subfield></marc:datafield><marc:datafield tag="900" ind1=" " ind2=" "><marc:subfield code="a">GBV</marc:subfield><marc:subfield code="b">FH Schmalkalden &lt;Shm2&gt;</marc:subfield><marc:subfield code="d">!A!  EDV 599 9799/98</marc:subfield><marc:subfield code="x">L</marc:subfield><marc:subfield code="z">LC</marc:subfield><marc:subfield code="d">!A!  EDV 599 0223/00</marc:subfield><marc:subfield code="x">L</marc:subfield><marc:subfield code="z">LC</marc:subfield></marc:datafield><marc:datafield tag="900" ind1=" " ind2=" "><marc:subfield code="a">GBV</marc:subfield><marc:subfield code="b">UB Potsdam &lt;517&gt;</marc:subfield><marc:subfield code="d">!3000! ST 250 PER</marc:subfield><marc:subfield code="x">L</marc:subfield><marc:subfield code="z">LC</marc:subfield><marc:subfield code="d">!3000! ST 250 PER</marc:subfield><marc:subfield code="x">L</marc:subfield><marc:subfield code="z">LC</marc:subfield><marc:subfield code="d">!2200! 99031511</marc:subfield><marc:subfield code="x">L</marc:subfield><marc:subfield code="z">LC</marc:subfield></marc:datafield><marc:datafield tag="900" ind1=" " ind2=" "><marc:subfield code="a">GBV</marc:subfield><marc:subfield code="b">Jacobs University Bremen &lt;579&gt;</marc:subfield><marc:subfield code="d">QA76.73.P22 S37 1997</marc:subfield><marc:subfield code="x">L</marc:subfield><marc:subfield code="z">LC</marc:subfield></marc:datafield><marc:datafield tag="950" ind1=" " ind2=" "><marc:subfield code="a">Perl &lt;Programmiersprache&gt;</marc:subfield><marc:subfield code="2">152</marc:subfield></marc:datafield><marc:datafield tag="951" ind1=" " ind2=" "><marc:subfield code="a">Y. 322.20</marc:subfield><marc:subfield code="2">100</marc:subfield></marc:datafield><marc:datafield tag="951" ind1=" " ind2=" "><marc:subfield code="a">VK 1960 Per</marc:subfield><marc:subfield code="2">105</marc:subfield></marc:datafield><marc:datafield tag="951" ind1=" " ind2=" "><marc:subfield code="a">EDV 599</marc:subfield><marc:subfield code="2">152</marc:subfield></marc:datafield><marc:datafield tag="951" ind1=" " ind2=" "><marc:subfield code="a">ST 250 PER</marc:subfield><marc:subfield code="2">285</marc:subfield></marc:datafield><marc:datafield tag="954" ind1=" " ind2=" "><marc:subfield code="a">23</marc:subfield><marc:subfield code="b">262722372</marc:subfield><marc:subfield code="c">01</marc:subfield><marc:subfield code="f">27</marc:subfield><marc:subfield code="d">2782-0399</marc:subfield><marc:subfield code="x">0830</marc:subfield></marc:datafield><marc:datafield tag="954" ind1=" " ind2=" "><marc:subfield code="a">24</marc:subfield><marc:subfield code="b">1433635003</marc:subfield><marc:subfield code="c">01</marc:subfield><marc:subfield code="f">8/62</marc:subfield><marc:subfield code="d">08.5 Sch 8 -2</marc:subfield><marc:subfield code="e">i</marc:subfield><marc:subfield code="x">0008</marc:subfield></marc:datafield><marc:datafield tag="954" ind1=" " ind2=" "><marc:subfield code="a">62</marc:subfield><marc:subfield code="b">262031523</marc:subfield><marc:subfield code="c">01</marc:subfield><marc:subfield code="f">28/BB1</marc:subfield><marc:subfield code="d">ST 250 P30 S411(2)</marc:subfield><marc:subfield code="e">u</marc:subfield><marc:subfield code="d">97 A 29421</marc:subfield><marc:subfield code="x">0028</marc:subfield></marc:datafield><marc:datafield tag="954" ind1=" " ind2=" "><marc:subfield code="a">95</marc:subfield><marc:subfield code="b">341188832</marc:subfield><marc:subfield code="c">01</marc:subfield><marc:subfield code="f">FH</marc:subfield><marc:subfield code="d">54.53e 85&lt;2&gt;/1</marc:subfield><marc:subfield code="e">u</marc:subfield><marc:subfield code="d">FH 1999:8169</marc:subfield><marc:subfield code="x">3095/1</marc:subfield></marc:datafield><marc:datafield tag="954" ind1=" " ind2=" "><marc:subfield code="a">100</marc:subfield><marc:subfield code="b">377494232</marc:subfield><marc:subfield code="c">01</marc:subfield><marc:subfield code="f">FH</marc:subfield><marc:subfield code="d">2000.03973:1</marc:subfield><marc:subfield code="e">u</marc:subfield><marc:subfield code="x">3100</marc:subfield></marc:datafield><marc:datafield tag="954" ind1=" " ind2=" "><marc:subfield code="a">100</marc:subfield><marc:subfield code="b">39367049X</marc:subfield><marc:subfield code="c">02</marc:subfield><marc:subfield code="f">FH</marc:subfield><marc:subfield code="d">2000.03973:2</marc:subfield><marc:subfield code="e">u</marc:subfield><marc:subfield code="x">3100</marc:subfield></marc:datafield><marc:datafield tag="954" ind1=" " ind2=" "><marc:subfield code="a">105</marc:subfield><marc:subfield code="b">253152755</marc:subfield><marc:subfield code="c">01</marc:subfield><marc:subfield code="d">VK 1960 Per 1997 A 753</marc:subfield><marc:subfield code="e">u</marc:subfield><marc:subfield code="x">0841</marc:subfield></marc:datafield><marc:datafield tag="954" ind1=" " ind2=" "><marc:subfield code="a">130</marc:subfield><marc:subfield code="b">280050186</marc:subfield><marc:subfield code="c">01</marc:subfield><marc:subfield code="f">N</marc:subfield><marc:subfield code="d">TXK / Per / Scw</marc:subfield><marc:subfield code="e">u</marc:subfield><marc:subfield code="x">0700</marc:subfield></marc:datafield><marc:datafield tag="954" ind1=" " ind2=" "><marc:subfield code="a">152</marc:subfield><marc:subfield code="b">348282206</marc:subfield><marc:subfield code="c">01</marc:subfield><marc:subfield code="f">A</marc:subfield><marc:subfield code="d"> EDV 599 9799/98</marc:subfield><marc:subfield code="e">u</marc:subfield><marc:subfield code="x">3405</marc:subfield></marc:datafield><marc:datafield tag="954" ind1=" " ind2=" "><marc:subfield code="a">152</marc:subfield><marc:subfield code="b">37412020X</marc:subfield><marc:subfield code="c">02</marc:subfield><marc:subfield code="f">A</marc:subfield><marc:subfield code="d"> EDV 599 0223/00</marc:subfield><marc:subfield code="e">u</marc:subfield><marc:subfield code="x">3405</marc:subfield></marc:datafield><marc:datafield tag="954" ind1=" " ind2=" "><marc:subfield code="a">285</marc:subfield><marc:subfield code="b">793280761</marc:subfield><marc:subfield code="c">01</marc:subfield><marc:subfield code="f">3000</marc:subfield><marc:subfield code="d">ST 250 PER</marc:subfield><marc:subfield code="e">u</marc:subfield><marc:subfield code="x">0517</marc:subfield></marc:datafield><marc:datafield tag="954" ind1=" " ind2=" "><marc:subfield code="a">285</marc:subfield><marc:subfield code="b">79328077X</marc:subfield><marc:subfield code="c">02</marc:subfield><marc:subfield code="f">3000</marc:subfield><marc:subfield code="d">ST 250 PER</marc:subfield><marc:subfield code="e">u</marc:subfield><marc:subfield code="x">0517</marc:subfield></marc:datafield><marc:datafield tag="954" ind1=" " ind2=" "><marc:subfield code="a">285</marc:subfield><marc:subfield code="b">793280788</marc:subfield><marc:subfield code="c">03</marc:subfield><marc:subfield code="f">2200</marc:subfield><marc:subfield code="d">99031511</marc:subfield><marc:subfield code="e">u</marc:subfield><marc:subfield code="x">0517</marc:subfield></marc:datafield><marc:datafield tag="954" ind1=" " ind2=" "><marc:subfield code="a">390</marc:subfield><marc:subfield code="b">1380886260</marc:subfield><marc:subfield code="c">01</marc:subfield><marc:subfield code="d">QA76.73.P22 S37 1997</marc:subfield><marc:subfield code="e">u</marc:subfield><marc:subfield code="x">0579</marc:subfield></marc:datafield></marc:record>