
<marc:record><marc:leader>01625nam a2200373 c 4500</marc:leader>
<marc:controlfield tag="001">233700153</marc:controlfield>
<marc:controlfield tag="003">DE-601</marc:controlfield><marc:controlfield tag="005">20130214111858.0</marc:controlfield><marc:controlfield tag="008">970903s1997    xxu           000 0 eng d</marc:controlfield><marc:datafield tag="016" ind1="7" ind2=" "><marc:subfield code="a">157-16911</marc:subfield><marc:subfield code="2">UK</marc:subfield></marc:datafield><marc:datafield tag="016" ind1="7" ind2=" "><marc:subfield code="a">b97-W9733</marc:subfield><marc:subfield code="2">UK</marc:subfield></marc:datafield><marc:datafield tag="020" ind1=" " ind2=" "><marc:subfield code="a">1571691189 (pbk)</marc:subfield><marc:subfield code="c">£ 46.95</marc:subfield><marc:subfield code="9">1-57169-118-9</marc:subfield></marc:datafield><marc:datafield tag="035" ind1=" " ind2=" "><marc:subfield code="a">(OCoLC)634045865</marc:subfield></marc:datafield><marc:datafield tag="035" ind1=" " ind2=" "><marc:subfield code="a">(DE-599)GBV233700153</marc:subfield></marc:datafield><marc:datafield tag="040" ind1=" " ind2=" "><marc:subfield code="a">GBVCP</marc:subfield><marc:subfield code="b">ger</marc:subfield><marc:subfield code="c">GBVCP</marc:subfield><marc:subfield code="e">rakwb</marc:subfield></marc:datafield><marc:datafield tag="041" ind1="0" ind2=" "><marc:subfield code="a">eng</marc:subfield></marc:datafield><marc:datafield tag="082" ind1="0" ind2="0"><marc:subfield code="a">005.71262</marc:subfield></marc:datafield><marc:datafield tag="084" ind1=" " ind2=" "><marc:subfield code="a">54.53</marc:subfield><marc:subfield code="9">Programmiersprachen</marc:subfield><marc:subfield code="2">bcl</marc:subfield></marc:datafield><marc:datafield tag="245" ind1="0" ind2="0"><marc:subfield code="a">Perl 5 how-to</marc:subfield><marc:subfield code="b">the definitive Perl 5 problem-solver</marc:subfield><marc:subfield code="c">Stephen Asbury ...</marc:subfield></marc:datafield><marc:datafield tag="250" ind1=" " ind2=" "><marc:subfield code="a">2. ed., [Nachdr.]</marc:subfield></marc:datafield><marc:datafield tag="260" ind1="3" ind2=" "><marc:subfield code="a">Corte Madera, Calif.</marc:subfield><marc:subfield code="b">Waite Group Press</marc:subfield><marc:subfield code="c">1997</marc:subfield></marc:datafield><marc:datafield tag="300" ind1=" " ind2=" "><marc:subfield code="a">XXII, 894 S</marc:subfield><marc:subfield code="b">Ill., graph. Darst</marc:subfield><marc:subfield code="e">1 CD-ROM (12 cm)</marc:subfield></marc:datafield><marc:datafield tag="500" ind1=" " ind2=" "><marc:subfield code="a">Rev. ed. of: Perl 5 how-to / Mike Glover, Aidan Humphreys, Ed Weiss. c1996</marc:subfield></marc:datafield><marc:datafield tag="650" ind1=" " ind2="7"><marc:subfield code="0">(DE-601)214186687</marc:subfield><marc:subfield code="0">(DE-588)4419978-8</marc:subfield><marc:subfield code="a">Perl 5</marc:subfield><marc:subfield code="2">gbv</marc:subfield></marc:datafield><marc:datafield tag="653" ind1=" " ind2="0"><marc:subfield code="a">Perl (Computer program language)</marc:subfield></marc:datafield><marc:datafield tag="653" ind1=" " ind2="0"><marc:subfield code="a">CGI (Computer network protocol)</marc:subfield></marc:datafield><marc:datafield tag="700" ind1="1" ind2=" "><marc:subfield code="a">Asbury, Stephen</marc:subfield></marc:datafield><marc:datafield tag="856" ind1="4" ind2="2"><marc:subfield code="y">Inhaltsverzeichnis</marc:subfield><marc:subfield code="u">http://www.gbv.de/dms/bowker/toc/9781571691187.pdf</marc:subfield><marc:subfield code="m">V:DE-601;Bowker</marc:subfield><marc:subfield code="3">Inhaltsverzeichnis</marc:subfield></marc:datafield><marc:datafield tag="900" ind1=" " ind2=" "><marc:subfield code="a">GBV</marc:subfield><marc:subfield code="b">ULB Halle &lt;3&gt;</marc:subfield><marc:subfield code="d">!Ha 4! MI IN 98-13 (Buch)</marc:subfield><marc:subfield code="x">L</marc:subfield><marc:subfield code="z">LC</marc:subfield><marc:subfield code="s">3/4</marc:subfield><marc:subfield code="f">Buch</marc:subfield><marc:subfield code="d">!Ha 4! MI IN 98-13 (CD-ROM)</marc:subfield><marc:subfield code="x">L</marc:subfield><marc:subfield code="z">LC</marc:subfield><marc:subfield code="s">3/4</marc:subfield><marc:subfield code="f">CD-ROM</marc:subfield></marc:datafield><marc:datafield tag="900" ind1=" " ind2=" "><marc:subfield code="a">GBV</marc:subfield><marc:subfield code="b">TIB/UB Hannover &lt;89&gt;</marc:subfield><marc:subfield code="d">T 98 B 5002</marc:subfield><marc:subfield code="x">L</marc:subfield><marc:subfield code="z">LC</marc:subfield><marc:subfield code="d">!D edv! T 98 B 5002 a</marc:subfield><marc:subfield code="x">N</marc:subfield><marc:subfield code="z">N</marc:subfield></marc:datafield><marc:datafield tag="954" ind1=" " ind2=" "><marc:subfield code="a">65</marc:subfield><marc:subfield code="b">260988588</marc:subfield><marc:subfield code="c">01</marc:subfield><marc:subfield code="f">Ha 4</marc:subfield><marc:subfield code="d">MI IN 98-13 (Buch)</marc:subfield><marc:subfield code="e">u</marc:subfield><marc:subfield code="k">Buch</marc:subfield><marc:subfield code="x">3/4</marc:subfield></marc:datafield><marc:datafield tag="954" ind1=" " ind2=" "><marc:subfield code="a">65</marc:subfield><marc:subfield code="b">272160466</marc:subfield><marc:subfield code="c">02</marc:subfield><marc:subfield code="f">Ha 4</marc:subfield><marc:subfield code="d">MI IN 98-13 (CD-ROM)</marc:subfield><marc:subfield code="e">u</marc:subfield><marc:subfield code="k">CD-ROM</marc:subfield><marc:subfield code="x">3/4</marc:subfield></marc:datafield><marc:datafield tag="954" ind1=" " ind2=" "><marc:subfield code="a">70</marc:subfield><marc:subfield code="b">290123305</marc:subfield><marc:subfield code="c">01</marc:subfield><marc:subfield code="d">T 98 B 5002</marc:subfield><marc:subfield code="e">u</marc:subfield><marc:subfield code="x">0089</marc:subfield></marc:datafield><marc:datafield tag="954" ind1=" " ind2=" "><marc:subfield code="a">70</marc:subfield><marc:subfield code="b">361267282</marc:subfield><marc:subfield code="c">03</marc:subfield><marc:subfield code="f">D edv</marc:subfield><marc:subfield code="d">T 98 B 5002 a</marc:subfield><marc:subfield code="e">g</marc:subfield><marc:subfield code="x">0089</marc:subfield></marc:datafield></marc:record>