
<marc:record><marc:leader>03400nam a2200769 c 4500</marc:leader>
<marc:controlfield tag="001">227968816</marc:controlfield>
<marc:controlfield tag="003">DE-601</marc:controlfield><marc:controlfield tag="005">20130607014950.0</marc:controlfield><marc:controlfield tag="008">970528s1997    xxu           000 0 eng d</marc:controlfield><marc:datafield tag="016" ind1="7" ind2=" "><marc:subfield code="a">950446114</marc:subfield><marc:subfield code="2">DE-101</marc:subfield></marc:datafield><marc:datafield tag="020" ind1=" " ind2=" "><marc:subfield code="a">156592214X</marc:subfield><marc:subfield code="9">1-56592-214-X</marc:subfield></marc:datafield><marc:datafield tag="024" ind1="8" ind2=" "><marc:subfield code="a">BIST1341689</marc:subfield></marc:datafield><marc:datafield tag="024" ind1="8" ind2=" "><marc:subfield code="a">jubb10720534</marc:subfield></marc:datafield><marc:datafield tag="035" ind1=" " ind2=" "><marc:subfield code="a">(OCoLC)845424160</marc:subfield></marc:datafield><marc:datafield tag="035" ind1=" " ind2=" "><marc:subfield code="a">(OCoLC)ocm36747656</marc:subfield></marc:datafield><marc:datafield tag="035" ind1=" " ind2=" "><marc:subfield code="a">(OCoLC)36747656</marc:subfield></marc:datafield><marc:datafield tag="035" ind1=" " ind2=" "><marc:subfield code="a">(DE-599)GBV227968816</marc:subfield></marc:datafield><marc:datafield tag="040" ind1=" " ind2=" "><marc:subfield code="a">GBVCP</marc:subfield><marc:subfield code="b">ger</marc:subfield><marc:subfield code="c">GBVCP</marc:subfield><marc:subfield code="e">rakwb</marc:subfield></marc:datafield><marc:datafield tag="041" ind1="0" ind2=" "><marc:subfield code="a">eng</marc:subfield></marc:datafield><marc:datafield tag="044" ind1=" " ind2=" "><marc:subfield code="a">xxu</marc:subfield><marc:subfield code="a">gw</marc:subfield><marc:subfield code="a">fr</marc:subfield></marc:datafield><marc:datafield tag="050" ind1=" " ind2="0"><marc:subfield code="a">QA76.625</marc:subfield></marc:datafield><marc:datafield tag="084" ind1=" " ind2=" "><marc:subfield code="a">28</marc:subfield><marc:subfield code="2">sdnb</marc:subfield></marc:datafield><marc:datafield tag="084" ind1=" " ind2=" "><marc:subfield code="a">54.32</marc:subfield><marc:subfield code="9">Rechnerkommunikation</marc:subfield><marc:subfield code="2">bcl</marc:subfield></marc:datafield><marc:datafield tag="084" ind1=" " ind2=" "><marc:subfield code="a">54.53</marc:subfield><marc:subfield code="9">Programmiersprachen</marc:subfield><marc:subfield code="2">bcl</marc:subfield></marc:datafield><marc:datafield tag="100" ind1="1" ind2=" "><marc:subfield code="a">Wong, Clinton</marc:subfield></marc:datafield><marc:datafield tag="245" ind1="1" ind2="0"><marc:subfield code="a">Web client programming with Perl</marc:subfield><marc:subfield code="c">Clinton Wong</marc:subfield></marc:datafield><marc:datafield tag="250" ind1=" " ind2=" "><marc:subfield code="a">1. ed</marc:subfield></marc:datafield><marc:datafield tag="260" ind1="3" ind2=" "><marc:subfield code="a">Cambridge [u.a.]</marc:subfield><marc:subfield code="b">O'Reilly</marc:subfield><marc:subfield code="c">1997</marc:subfield></marc:datafield><marc:datafield tag="300" ind1=" " ind2=" "><marc:subfield code="a">XII, 213 S</marc:subfield><marc:subfield code="b">Ill</marc:subfield><marc:subfield code="c">23 cm</marc:subfield></marc:datafield><marc:datafield tag="500" ind1=" " ind2=" "><marc:subfield code="a">Includes index</marc:subfield></marc:datafield><marc:datafield tag="650" ind1=" " ind2="7"><marc:subfield code="0">(DE-601)181366924</marc:subfield><marc:subfield code="0">(DE-588)4363898-3</marc:subfield><marc:subfield code="a">World Wide Web</marc:subfield><marc:subfield code="2">gnd</marc:subfield></marc:datafield><marc:datafield tag="650" ind1=" " ind2="7"><marc:subfield code="0">(DE-601)104734809</marc:subfield><marc:subfield code="0">(DE-588)4252624-3</marc:subfield><marc:subfield code="a">Client-Server-Konzept</marc:subfield><marc:subfield code="2">gnd</marc:subfield></marc:datafield><marc:datafield tag="650" ind1=" " ind2="7"><marc:subfield code="0">(DE-601)123519713</marc:subfield><marc:subfield code="0">(DE-588)4307836-9</marc:subfield><marc:subfield code="a">Perl</marc:subfield><marc:subfield code="9">g:Programmiersprache</marc:subfield><marc:subfield code="2">gnd</marc:subfield></marc:datafield><marc:datafield tag="650" ind1=" " ind2="7"><marc:subfield code="0">(DE-601)121584658</marc:subfield><marc:subfield code="0">(DE-588)4301519-0</marc:subfield><marc:subfield code="a">Transportprotokoll</marc:subfield><marc:subfield code="2">gnd</marc:subfield></marc:datafield><marc:datafield tag="650" ind1=" " ind2="7"><marc:subfield code="0">(DE-601)104867930</marc:subfield><marc:subfield code="0">(DE-588)4239975-0</marc:subfield><marc:subfield code="a">Hypertext</marc:subfield><marc:subfield code="2">gnd</marc:subfield></marc:datafield><marc:datafield tag="653" ind1=" " ind2="0"><marc:subfield code="a">Internet programming</marc:subfield></marc:datafield><marc:datafield tag="653" ind1=" " ind2="0"><marc:subfield code="a">Perl (Computer program language)</marc:subfield></marc:datafield><marc:datafield tag="653" ind1=" " ind2="0"><marc:subfield code="a">Client/server computing</marc:subfield></marc:datafield><marc:datafield tag="653" ind1=" " ind2="0"><marc:subfield code="a">World Wide Web</marc:subfield></marc:datafield><marc:datafield tag="689" ind1="0" ind2="0"><marc:subfield code="0">(DE-601)181366924</marc:subfield><marc:subfield code="0">(DE-588)4363898-3</marc:subfield><marc:subfield code="a">World Wide Web</marc:subfield></marc:datafield><marc:datafield tag="689" ind1="0" ind2="1"><marc:subfield code="0">(DE-601)104734809</marc:subfield><marc:subfield code="0">(DE-588)4252624-3</marc:subfield><marc:subfield code="a">Client-Server-Konzept</marc:subfield></marc:datafield><marc:datafield tag="689" ind1="0" ind2="2"><marc:subfield code="0">(DE-601)123519713</marc:subfield><marc:subfield code="0">(DE-588)4307836-9</marc:subfield><marc:subfield code="a">Perl</marc:subfield><marc:subfield code="9">g:Programmiersprache</marc:subfield></marc:datafield><marc:datafield tag="689" ind1="0" ind2="3"><marc:subfield code="0">(DE-601)121584658</marc:subfield><marc:subfield code="0">(DE-588)4301519-0</marc:subfield><marc:subfield code="a">Transportprotokoll</marc:subfield></marc:datafield><marc:datafield tag="689" ind1="0" ind2="4"><marc:subfield code="0">(DE-601)104867930</marc:subfield><marc:subfield code="0">(DE-588)4239975-0</marc:subfield><marc:subfield code="a">Hypertext</marc:subfield></marc:datafield><marc:datafield tag="689" ind1="0" ind2=" "><marc:subfield code="5">DE-101</marc:subfield></marc:datafield><marc:datafield tag="856" ind1="4" ind2="2"><marc:subfield code="u">http://www.oreilly.com/openbook/webclient/</marc:subfield></marc:datafield><marc:datafield tag="856" ind1="4" ind2="2"><marc:subfield code="y">Inhaltsverzeichnis</marc:subfield><marc:subfield code="u">http://www.gbv.de/dms/bowker/toc/9781565922143.pdf</marc:subfield><marc:subfield code="m">V:DE-601;Bowker</marc:subfield><marc:subfield code="3">Inhaltsverzeichnis</marc:subfield></marc:datafield><marc:datafield tag="900" ind1=" " ind2=" "><marc:subfield code="a">GBV</marc:subfield><marc:subfield code="b">SUB+Uni Hamburg &lt;18&gt;</marc:subfield><marc:subfield code="d">!18/228! P WON 23965</marc:subfield><marc:subfield code="x">N</marc:subfield><marc:subfield code="z">N</marc:subfield></marc:datafield><marc:datafield tag="900" ind1=" " ind2=" "><marc:subfield code="a">GBV</marc:subfield><marc:subfield code="b">UB Rostock &lt;28&gt;</marc:subfield><marc:subfield code="d">!28/BB1! ST 201 W78 W872</marc:subfield><marc:subfield code="x">L</marc:subfield><marc:subfield code="z">LC</marc:subfield><marc:subfield code="d">97 A 24250</marc:subfield><marc:subfield code="d">!28/BB1! ST 201 W78 W872</marc:subfield><marc:subfield code="x">L</marc:subfield><marc:subfield code="z">LC</marc:subfield><marc:subfield code="d">97 A 60765</marc:subfield></marc:datafield><marc:datafield tag="900" ind1=" " ind2=" "><marc:subfield code="a">GBV</marc:subfield><marc:subfield code="b">UB Weimar &lt;Wim 2&gt;</marc:subfield><marc:subfield code="d">!Mag! 148 495</marc:subfield><marc:subfield code="x">L</marc:subfield><marc:subfield code="z">LC</marc:subfield><marc:subfield code="d">Mag Hl 6510</marc:subfield></marc:datafield><marc:datafield tag="900" ind1=" " ind2=" "><marc:subfield code="a">GBV</marc:subfield><marc:subfield code="b">BIS Uni Oldenburg &lt;715&gt;</marc:subfield><marc:subfield code="d">inf 340 per CD 1203</marc:subfield><marc:subfield code="x">L</marc:subfield><marc:subfield code="z">LC</marc:subfield></marc:datafield><marc:datafield tag="900" ind1=" " ind2=" "><marc:subfield code="a">GBV</marc:subfield><marc:subfield code="b">HS Osnabrueck &lt;959&gt;</marc:subfield><marc:subfield code="d">!W! TXM-P 204 496</marc:subfield><marc:subfield code="x">L</marc:subfield><marc:subfield code="z">LC</marc:subfield><marc:subfield code="s">0959/1</marc:subfield><marc:subfield code="d">!W! TXM-P 204 496+1</marc:subfield><marc:subfield code="x">L</marc:subfield><marc:subfield code="z">LC</marc:subfield><marc:subfield code="s">0959/1</marc:subfield></marc:datafield><marc:datafield tag="900" ind1=" " ind2=" "><marc:subfield code="a">GBV</marc:subfield><marc:subfield code="b">EAH Jena &lt;J 59&gt;</marc:subfield><marc:subfield code="d">!Mag1! 54.32,552-97/06195</marc:subfield><marc:subfield code="x">L</marc:subfield><marc:subfield code="z">LC</marc:subfield></marc:datafield><marc:datafield tag="900" ind1=" " ind2=" "><marc:subfield code="a">GBV</marc:subfield><marc:subfield code="b">Jacobs University Bremen &lt;579&gt;</marc:subfield><marc:subfield code="d">QA76.625 .W66 1997</marc:subfield><marc:subfield code="x">L</marc:subfield><marc:subfield code="z">LC</marc:subfield></marc:datafield><marc:datafield tag="950" ind1=" " ind2=" "><marc:subfield code="a">World wide web</marc:subfield><marc:subfield code="a">Programmierung</marc:subfield><marc:subfield code="a">Perl &lt;Programmiersprache&gt;</marc:subfield><marc:subfield code="2">62</marc:subfield></marc:datafield><marc:datafield tag="951" ind1=" " ind2=" "><marc:subfield code="a">Hl 6510</marc:subfield><marc:subfield code="2">63</marc:subfield></marc:datafield><marc:datafield tag="951" ind1=" " ind2=" "><marc:subfield code="a">inf 340 per</marc:subfield><marc:subfield code="2">120</marc:subfield></marc:datafield><marc:datafield tag="951" ind1=" " ind2=" "><marc:subfield code="a">inf 743</marc:subfield><marc:subfield code="2">120</marc:subfield></marc:datafield><marc:datafield tag="954" ind1=" " ind2=" "><marc:subfield code="a">22</marc:subfield><marc:subfield code="b">247544000</marc:subfield><marc:subfield code="c">01</marc:subfield><marc:subfield code="f">18/228</marc:subfield><marc:subfield code="d">P WON 23965</marc:subfield><marc:subfield code="e">c</marc:subfield><marc:subfield code="x">0018</marc:subfield></marc:datafield><marc:datafield tag="954" ind1=" " ind2=" "><marc:subfield code="a">62</marc:subfield><marc:subfield code="b">23791395X</marc:subfield><marc:subfield code="c">01</marc:subfield><marc:subfield code="f">28/BB1</marc:subfield><marc:subfield code="d">ST 201 W78 W872</marc:subfield><marc:subfield code="e">u</marc:subfield><marc:subfield code="d">97 A 24250</marc:subfield><marc:subfield code="x">0028</marc:subfield></marc:datafield><marc:datafield tag="954" ind1=" " ind2=" "><marc:subfield code="a">62</marc:subfield><marc:subfield code="b">25937427X</marc:subfield><marc:subfield code="c">02</marc:subfield><marc:subfield code="f">28/BB1</marc:subfield><marc:subfield code="d">ST 201 W78 W872</marc:subfield><marc:subfield code="e">u</marc:subfield><marc:subfield code="d">97 A 60765</marc:subfield><marc:subfield code="x">0028</marc:subfield></marc:datafield><marc:datafield tag="954" ind1=" " ind2=" "><marc:subfield code="a">63</marc:subfield><marc:subfield code="b">271833998</marc:subfield><marc:subfield code="c">01</marc:subfield><marc:subfield code="f">Mag</marc:subfield><marc:subfield code="d">148 495</marc:subfield><marc:subfield code="e">u</marc:subfield><marc:subfield code="d">Mag Hl 6510</marc:subfield><marc:subfield code="x">3401</marc:subfield></marc:datafield><marc:datafield tag="954" ind1=" " ind2=" "><marc:subfield code="a">120</marc:subfield><marc:subfield code="b">786121521</marc:subfield><marc:subfield code="c">01</marc:subfield><marc:subfield code="d">inf 340 per CD 1203</marc:subfield><marc:subfield code="e">u</marc:subfield><marc:subfield code="x">0715</marc:subfield></marc:datafield><marc:datafield tag="954" ind1=" " ind2=" "><marc:subfield code="a">132</marc:subfield><marc:subfield code="b">355137615</marc:subfield><marc:subfield code="c">01</marc:subfield><marc:subfield code="f">W</marc:subfield><marc:subfield code="d">TXM-P 204 496</marc:subfield><marc:subfield code="e">u</marc:subfield><marc:subfield code="x">0959/1</marc:subfield></marc:datafield><marc:datafield tag="954" ind1=" " ind2=" "><marc:subfield code="a">132</marc:subfield><marc:subfield code="b">376623756</marc:subfield><marc:subfield code="c">02</marc:subfield><marc:subfield code="f">W</marc:subfield><marc:subfield code="d">TXM-P 204 496+1</marc:subfield><marc:subfield code="e">u</marc:subfield><marc:subfield code="x">0959/1</marc:subfield></marc:datafield><marc:datafield tag="954" ind1=" " ind2=" "><marc:subfield code="a">150</marc:subfield><marc:subfield code="b">248608231</marc:subfield><marc:subfield code="c">01</marc:subfield><marc:subfield code="f">Mag1</marc:subfield><marc:subfield code="d">54.32,552-97/06195</marc:subfield><marc:subfield code="e">u</marc:subfield><marc:subfield code="x">3406</marc:subfield></marc:datafield><marc:datafield tag="954" ind1=" " ind2=" "><marc:subfield code="a">390</marc:subfield><marc:subfield code="b">1379289998</marc:subfield><marc:subfield code="c">01</marc:subfield><marc:subfield code="d">QA76.625 .W66 1997</marc:subfield><marc:subfield code="e">u</marc:subfield><marc:subfield code="x">0579</marc:subfield></marc:datafield></marc:record>