
<marc:record><marc:leader>05313nam a2200973 c 4500</marc:leader>
<marc:controlfield tag="001">225504782</marc:controlfield>
<marc:controlfield tag="003">DE-601</marc:controlfield><marc:controlfield tag="005">20140922073614.0</marc:controlfield><marc:controlfield tag="008">970317s1996    gw            000 0 ger d</marc:controlfield><marc:datafield tag="016" ind1="7" ind2=" "><marc:subfield code="a">950038318</marc:subfield><marc:subfield code="2">DE-101</marc:subfield></marc:datafield><marc:datafield tag="020" ind1=" " ind2=" "><marc:subfield code="a">3772374530</marc:subfield><marc:subfield code="c">DM 89.00</marc:subfield><marc:subfield code="9">3-7723-7453-0</marc:subfield></marc:datafield><marc:datafield tag="035" ind1=" " ind2=" "><marc:subfield code="a">(OCoLC)845369078</marc:subfield></marc:datafield><marc:datafield tag="035" ind1=" " ind2=" "><marc:subfield code="a">(DE-599)GBV225504782</marc:subfield></marc:datafield><marc:datafield tag="040" ind1=" " ind2=" "><marc:subfield code="a">GBVCP</marc:subfield><marc:subfield code="b">ger</marc:subfield><marc:subfield code="c">GBVCP</marc:subfield><marc:subfield code="e">rakwb</marc:subfield></marc:datafield><marc:datafield tag="041" ind1="1" ind2=" "><marc:subfield code="a">ger</marc:subfield><marc:subfield code="h">eng</marc:subfield></marc:datafield><marc:datafield tag="084" ind1=" " ind2=" "><marc:subfield code="a">54.32</marc:subfield><marc:subfield code="9">Rechnerkommunikation</marc:subfield><marc:subfield code="2">bcl</marc:subfield></marc:datafield><marc:datafield tag="084" ind1=" " ind2=" "><marc:subfield code="a">54.51</marc:subfield><marc:subfield code="9">Programmiermethodik</marc:subfield><marc:subfield code="2">bcl</marc:subfield></marc:datafield><marc:datafield tag="100" ind1="1" ind2=" "><marc:subfield code="a">Jamsa, Kris</marc:subfield></marc:datafield><marc:datafield tag="240" ind1="1" ind2="0"><marc:subfield code="a">Web-programming &lt;dt.&gt;</marc:subfield></marc:datafield><marc:datafield tag="245" ind1="1" ind2="0"><marc:subfield code="a">Web-Programmierung</marc:subfield><marc:subfield code="b">Einführung in die Grundlagen des Web und seiner Protokolle - Zweck, Nutzen und Anwendung von HTTP - Einführung in die Web-Seitengestaltung mit HTML und VRML - Programmieranleitungen für einen Web-Server, Web-Browser, Roboter, Agenten und Wanderer - Grundlagen von CGI, Perl und der Erstellung von CGI-Skripts mit Perl - Web-Programmierung mit Java, JavaScript, VBScript und ActiveX ; mit zahlreichen Tabellen</marc:subfield><marc:subfield code="c">Kris Jamsa; Suleiman Lalani; Steve Weakley</marc:subfield></marc:datafield><marc:datafield tag="260" ind1="3" ind2=" "><marc:subfield code="a">Feldkirchen</marc:subfield><marc:subfield code="b">Franzis</marc:subfield><marc:subfield code="c">1996</marc:subfield></marc:datafield><marc:datafield tag="300" ind1=" " ind2=" "><marc:subfield code="a">580 S.</marc:subfield><marc:subfield code="b">Ill., graph. Darst.</marc:subfield><marc:subfield code="c">24 cm</marc:subfield><marc:subfield code="e">1 CD-ROM (12 cm)</marc:subfield></marc:datafield><marc:datafield tag="500" ind1=" " ind2=" "><marc:subfield code="a">Aus dem Amerikan. übers. - Auf CD-ROM: Alle Programmbeispiele als Quellcode, Java Software Development Kit, Perl Version 5.</marc:subfield></marc:datafield><marc:datafield tag="650" ind1=" " ind2="7"><marc:subfield code="0">(DE-601)181366924</marc:subfield><marc:subfield code="0">(DE-588)4363898-3</marc:subfield><marc:subfield code="a">World Wide Web</marc:subfield><marc:subfield code="2">gnd</marc:subfield></marc:datafield><marc:datafield tag="650" ind1=" " ind2="7"><marc:subfield code="0">(DE-601)106083031</marc:subfield><marc:subfield code="0">(DE-588)4076370-5</marc:subfield><marc:subfield code="a">Programmierung</marc:subfield><marc:subfield code="2">gnd</marc:subfield></marc:datafield><marc:datafield tag="650" ind1=" " ind2="7"><marc:subfield code="0">(DE-601)222531991</marc:subfield><marc:subfield code="0">(DE-588)4435301-7</marc:subfield><marc:subfield code="a">CGI</marc:subfield><marc:subfield code="9">g:Gateway</marc:subfield><marc:subfield code="2">gnd</marc:subfield></marc:datafield><marc:datafield tag="650" ind1=" " ind2="7"><marc:subfield code="0">(DE-601)123519713</marc:subfield><marc:subfield code="0">(DE-588)4307836-9</marc:subfield><marc:subfield code="a">Perl</marc:subfield><marc:subfield code="9">g:Programmiersprache</marc:subfield><marc:subfield code="2">gnd</marc:subfield></marc:datafield><marc:datafield tag="650" ind1=" " ind2="7"><marc:subfield code="0">(DE-601)19331360X</marc:subfield><marc:subfield code="0">(DE-588)4401313-9</marc:subfield><marc:subfield code="a">Java</marc:subfield><marc:subfield code="9">g:Programmiersprache</marc:subfield><marc:subfield code="2">gnd</marc:subfield></marc:datafield><marc:datafield tag="650" ind1=" " ind2="7"><marc:subfield code="0">(DE-601)222527420</marc:subfield><marc:subfield code="0">(DE-588)4434796-0</marc:subfield><marc:subfield code="a">VisualBASIC Script</marc:subfield><marc:subfield code="2">gnd</marc:subfield></marc:datafield><marc:datafield tag="689" ind1="0" ind2="0"><marc:subfield code="0">(DE-601)181366924</marc:subfield><marc:subfield code="0">(DE-588)4363898-3</marc:subfield><marc:subfield code="a">World Wide Web</marc:subfield></marc:datafield><marc:datafield tag="689" ind1="0" ind2="1"><marc:subfield code="0">(DE-601)106083031</marc:subfield><marc:subfield code="0">(DE-588)4076370-5</marc:subfield><marc:subfield code="a">Programmierung</marc:subfield></marc:datafield><marc:datafield tag="689" ind1="0" ind2=" "><marc:subfield code="5">DE-101</marc:subfield></marc:datafield><marc:datafield tag="689" ind1="1" ind2="0"><marc:subfield code="0">(DE-601)222531991</marc:subfield><marc:subfield code="0">(DE-588)4435301-7</marc:subfield><marc:subfield code="a">CGI</marc:subfield><marc:subfield code="9">g:Gateway</marc:subfield></marc:datafield><marc:datafield tag="689" ind1="1" ind2="1"><marc:subfield code="0">(DE-601)123519713</marc:subfield><marc:subfield code="0">(DE-588)4307836-9</marc:subfield><marc:subfield code="a">Perl</marc:subfield><marc:subfield code="9">g:Programmiersprache</marc:subfield></marc:datafield><marc:datafield tag="689" ind1="1" ind2=" "><marc:subfield code="5">DE-101</marc:subfield></marc:datafield><marc:datafield tag="689" ind1="2" ind2="0"><marc:subfield code="0">(DE-601)19331360X</marc:subfield><marc:subfield code="0">(DE-588)4401313-9</marc:subfield><marc:subfield code="a">Java</marc:subfield><marc:subfield code="9">g:Programmiersprache</marc:subfield></marc:datafield><marc:datafield tag="689" ind1="2" ind2=" "><marc:subfield code="5">DE-101</marc:subfield></marc:datafield><marc:datafield tag="689" ind1="3" ind2="0"><marc:subfield code="0">(DE-601)222527420</marc:subfield><marc:subfield code="0">(DE-588)4434796-0</marc:subfield><marc:subfield code="a">VisualBASIC Script</marc:subfield></marc:datafield><marc:datafield tag="689" ind1="3" ind2=" "><marc:subfield code="5">DE-101</marc:subfield></marc:datafield><marc:datafield tag="700" ind1="1" ind2=" "><marc:subfield code="a">Lalani, Suleiman</marc:subfield><marc:subfield code="e">Author</marc:subfield><marc:subfield code="4">aut</marc:subfield></marc:datafield><marc:datafield tag="700" ind1="1" ind2=" "><marc:subfield code="a">Weakley, Steve</marc:subfield><marc:subfield code="e">Author</marc:subfield><marc:subfield code="4">aut</marc:subfield></marc:datafield><marc:datafield tag="700" ind1="1" ind2=" "><marc:subfield code="a">Jamsa-Lalani-Weakley, ...</marc:subfield><marc:subfield code="e">Author</marc:subfield><marc:subfield code="4">aut</marc:subfield></marc:datafield><marc:datafield tag="900" ind1=" " ind2=" "><marc:subfield code="a">GBV</marc:subfield><marc:subfield code="b">TUB Hamburg &lt;830&gt;</marc:subfield><marc:subfield code="d">!27! 2780-4946</marc:subfield><marc:subfield code="d">!27! 2781-4790</marc:subfield></marc:datafield><marc:datafield tag="900" ind1=" " ind2=" "><marc:subfield code="a">GBV</marc:subfield><marc:subfield code="b">UB Kiel &lt;8&gt;</marc:subfield><marc:subfield code="d">!42 iwg 140! Fa 1895</marc:subfield><marc:subfield code="x">N</marc:subfield><marc:subfield code="z">N</marc:subfield><marc:subfield code="s">8</marc:subfield><marc:subfield code="d">iwg 140 42 Präsenzbstd (Ing.Abt.)</marc:subfield><marc:subfield code="f">Buch</marc:subfield><marc:subfield code="d">!42 iwg 140! cdu 54</marc:subfield><marc:subfield code="x">N</marc:subfield><marc:subfield code="z">N</marc:subfield><marc:subfield code="s">8</marc:subfield><marc:subfield code="d">iwg 140 42 Präsenzbstd (Ing.Abt.)</marc:subfield><marc:subfield code="f">CD-ROM</marc:subfield></marc:datafield><marc:datafield tag="900" ind1=" " ind2=" "><marc:subfield code="a">GBV</marc:subfield><marc:subfield code="b">UB Ilmenau &lt;Ilm 1&gt;</marc:subfield><marc:subfield code="d">!53! INF ST 351 H97 J32</marc:subfield><marc:subfield code="x">L</marc:subfield><marc:subfield code="z">LC</marc:subfield></marc:datafield><marc:datafield tag="900" ind1=" " ind2=" "><marc:subfield code="a">GBV</marc:subfield><marc:subfield code="b">UFB Erfurt/Gotha &lt;547&gt;</marc:subfield><marc:subfield code="d">!LS! ST 201 W78 J32</marc:subfield><marc:subfield code="x">L</marc:subfield><marc:subfield code="z">LC</marc:subfield><marc:subfield code="d">Bibliothek der Pädagogischen Hochschule Erfurt</marc:subfield></marc:datafield><marc:datafield tag="900" ind1=" " ind2=" "><marc:subfield code="a">GBV</marc:subfield><marc:subfield code="b">UB Rostock &lt;28&gt;</marc:subfield><marc:subfield code="d">!28/BB1! ST 201 W78 J32</marc:subfield><marc:subfield code="x">L</marc:subfield><marc:subfield code="z">LC</marc:subfield><marc:subfield code="d">98 A 60569</marc:subfield><marc:subfield code="f">Buch</marc:subfield><marc:subfield code="d">!28/BB1-NBM! ST 201 W78 J32-CD</marc:subfield><marc:subfield code="x">L</marc:subfield><marc:subfield code="z">LC</marc:subfield><marc:subfield code="d">98 A 60569-CD</marc:subfield><marc:subfield code="f">CD-ROM</marc:subfield></marc:datafield><marc:datafield tag="900" ind1=" " ind2=" "><marc:subfield code="a">GBV</marc:subfield><marc:subfield code="b">UB Weimar &lt;Wim 2&gt;</marc:subfield><marc:subfield code="d">!F+2! Hl 6071/6</marc:subfield><marc:subfield code="x">L</marc:subfield><marc:subfield code="z">LC</marc:subfield><marc:subfield code="d">152 829</marc:subfield><marc:subfield code="f">Buch</marc:subfield><marc:subfield code="d">!F+2! Hl 6071/6</marc:subfield><marc:subfield code="x">L</marc:subfield><marc:subfield code="z">LC</marc:subfield><marc:subfield code="d">152 829</marc:subfield><marc:subfield code="f">CD-ROM</marc:subfield></marc:datafield><marc:datafield tag="900" ind1=" " ind2=" "><marc:subfield code="a">GBV</marc:subfield><marc:subfield code="b">UB Greifswald &lt;9&gt;</marc:subfield><marc:subfield code="d">!UB 660! 660/ST 273 J32</marc:subfield><marc:subfield code="x">L</marc:subfield><marc:subfield code="z">LC</marc:subfield></marc:datafield><marc:datafield tag="900" ind1=" " ind2=" "><marc:subfield code="a">GBV</marc:subfield><marc:subfield code="b">TIB/UB Hannover &lt;89&gt;</marc:subfield><marc:subfield code="d">T 97 B 3408</marc:subfield><marc:subfield code="d">T 97 B 4909</marc:subfield></marc:datafield><marc:datafield tag="900" ind1=" " ind2=" "><marc:subfield code="a">GBV</marc:subfield><marc:subfield code="b">UB Osnabrück &lt;700&gt;</marc:subfield><marc:subfield code="d">!N! BFL B / Jam</marc:subfield><marc:subfield code="x">L</marc:subfield><marc:subfield code="z">LC</marc:subfield><marc:subfield code="f">Buch</marc:subfield><marc:subfield code="d">!N-Medienschrank! 9520-326 5</marc:subfield><marc:subfield code="x">L</marc:subfield><marc:subfield code="z">LC</marc:subfield><marc:subfield code="f">CD-ROM</marc:subfield></marc:datafield><marc:datafield tag="900" ind1=" " ind2=" "><marc:subfield code="a">GBV</marc:subfield><marc:subfield code="b">FH Schmalkalden &lt;Shm2&gt;</marc:subfield><marc:subfield code="d">!A!  EDV 950 4560/97</marc:subfield><marc:subfield code="x">L</marc:subfield><marc:subfield code="z">LC</marc:subfield></marc:datafield><marc:datafield tag="900" ind1=" " ind2=" "><marc:subfield code="a">GBV</marc:subfield><marc:subfield code="b">Berufsakad. Thüringen &lt;Ei 6&gt;</marc:subfield><marc:subfield code="d">!FH! 54.32(Ja)/Informatik</marc:subfield><marc:subfield code="x">N</marc:subfield><marc:subfield code="z">N</marc:subfield></marc:datafield><marc:datafield tag="950" ind1=" " ind2=" "><marc:subfield code="a">HTML</marc:subfield><marc:subfield code="2">32</marc:subfield></marc:datafield><marc:datafield tag="950" ind1=" " ind2=" "><marc:subfield code="a">VRML</marc:subfield><marc:subfield code="2">32</marc:subfield></marc:datafield><marc:datafield tag="950" ind1=" " ind2=" "><marc:subfield code="a">World wide web</marc:subfield><marc:subfield code="2">32</marc:subfield></marc:datafield><marc:datafield tag="950" ind1=" " ind2=" "><marc:subfield code="a">Rechnerkommunikation</marc:subfield><marc:subfield code="2">152</marc:subfield></marc:datafield><marc:datafield tag="950" ind1=" " ind2=" "><marc:subfield code="a">Programmierung</marc:subfield><marc:subfield code="2">152</marc:subfield></marc:datafield><marc:datafield tag="950" ind1=" " ind2=" "><marc:subfield code="a">Word Wide Web</marc:subfield><marc:subfield code="2">152</marc:subfield></marc:datafield><marc:datafield tag="950" ind1=" " ind2=" "><marc:subfield code="a">Perl &lt;Programmiersprache&gt;</marc:subfield><marc:subfield code="2">152</marc:subfield></marc:datafield><marc:datafield tag="950" ind1=" " ind2=" "><marc:subfield code="a">Java &lt;Programmiersprache&gt;</marc:subfield><marc:subfield code="2">152</marc:subfield></marc:datafield><marc:datafield tag="950" ind1=" " ind2=" "><marc:subfield code="a">Basic &lt;Visual&gt;</marc:subfield><marc:subfield code="2">152</marc:subfield></marc:datafield><marc:datafield tag="951" ind1=" " ind2=" "><marc:subfield code="a">ST 351 H97</marc:subfield><marc:subfield code="2">32</marc:subfield></marc:datafield><marc:datafield tag="951" ind1=" " ind2=" "><marc:subfield code="a">ST 201</marc:subfield><marc:subfield code="2">39</marc:subfield></marc:datafield><marc:datafield tag="951" ind1=" " ind2=" "><marc:subfield code="a">Hl 6071</marc:subfield><marc:subfield code="2">63</marc:subfield></marc:datafield><marc:datafield tag="951" ind1=" " ind2=" "><marc:subfield code="a">ST 273</marc:subfield><marc:subfield code="2">69</marc:subfield></marc:datafield><marc:datafield tag="951" ind1=" " ind2=" "><marc:subfield code="a">EDV 950</marc:subfield><marc:subfield code="2">152</marc:subfield></marc:datafield><marc:datafield tag="954" ind1=" " ind2=" "><marc:subfield code="a">23</marc:subfield><marc:subfield code="b">248509438</marc:subfield><marc:subfield code="c">01</marc:subfield><marc:subfield code="f">27</marc:subfield><marc:subfield code="d">2780-4946</marc:subfield><marc:subfield code="x">0830</marc:subfield></marc:datafield><marc:datafield tag="954" ind1=" " ind2=" "><marc:subfield code="a">23</marc:subfield><marc:subfield code="b">260665355</marc:subfield><marc:subfield code="c">02</marc:subfield><marc:subfield code="f">27</marc:subfield><marc:subfield code="d">2781-4790</marc:subfield><marc:subfield code="x">0830</marc:subfield></marc:datafield><marc:datafield tag="954" ind1=" " ind2=" "><marc:subfield code="a">24</marc:subfield><marc:subfield code="b">234922729</marc:subfield><marc:subfield code="c">01</marc:subfield><marc:subfield code="f">42 iwg 140</marc:subfield><marc:subfield code="d">Fa 1895</marc:subfield><marc:subfield code="e">i</marc:subfield><marc:subfield code="d">iwg 140 42 Präsenzbstd (Ing.Abt.)</marc:subfield><marc:subfield code="k">Buch</marc:subfield><marc:subfield code="x">0008</marc:subfield></marc:datafield><marc:datafield tag="954" ind1=" " ind2=" "><marc:subfield code="a">24</marc:subfield><marc:subfield code="b">234922737</marc:subfield><marc:subfield code="c">02</marc:subfield><marc:subfield code="f">42 iwg 140</marc:subfield><marc:subfield code="d">cdu 54</marc:subfield><marc:subfield code="e">i</marc:subfield><marc:subfield code="d">iwg 140 42 Präsenzbstd (Ing.Abt.)</marc:subfield><marc:subfield code="k">CD-ROM</marc:subfield><marc:subfield code="x">0008</marc:subfield></marc:datafield><marc:datafield tag="954" ind1=" " ind2=" "><marc:subfield code="a">32</marc:subfield><marc:subfield code="b">231723512</marc:subfield><marc:subfield code="c">01</marc:subfield><marc:subfield code="f">53</marc:subfield><marc:subfield code="d">INF ST 351 H97 J32</marc:subfield><marc:subfield code="e">u</marc:subfield><marc:subfield code="x">3400</marc:subfield></marc:datafield><marc:datafield tag="954" ind1=" " ind2=" "><marc:subfield code="a">39</marc:subfield><marc:subfield code="b">289070252</marc:subfield><marc:subfield code="c">01</marc:subfield><marc:subfield code="f">LS</marc:subfield><marc:subfield code="d">ST 201 W78 J32</marc:subfield><marc:subfield code="e">b</marc:subfield><marc:subfield code="d">Bibliothek der Pädagogischen Hochschule Erfurt</marc:subfield><marc:subfield code="x">0547</marc:subfield></marc:datafield><marc:datafield tag="954" ind1=" " ind2=" "><marc:subfield code="a">62</marc:subfield><marc:subfield code="b">294650695</marc:subfield><marc:subfield code="c">01</marc:subfield><marc:subfield code="f">28/BB1</marc:subfield><marc:subfield code="d">ST 201 W78 J32</marc:subfield><marc:subfield code="e">u</marc:subfield><marc:subfield code="d">98 A 60569</marc:subfield><marc:subfield code="k">Buch</marc:subfield><marc:subfield code="x">0028</marc:subfield></marc:datafield><marc:datafield tag="954" ind1=" " ind2=" "><marc:subfield code="a">62</marc:subfield><marc:subfield code="b">294650709</marc:subfield><marc:subfield code="c">02</marc:subfield><marc:subfield code="f">28/BB1-NBM</marc:subfield><marc:subfield code="d">ST 201 W78 J32-CD</marc:subfield><marc:subfield code="e">u</marc:subfield><marc:subfield code="d">98 A 60569-CD</marc:subfield><marc:subfield code="k">CD-ROM</marc:subfield><marc:subfield code="x">0028</marc:subfield></marc:datafield><marc:datafield tag="954" ind1=" " ind2=" "><marc:subfield code="a">63</marc:subfield><marc:subfield code="b">265823676</marc:subfield><marc:subfield code="c">01</marc:subfield><marc:subfield code="f">F+2</marc:subfield><marc:subfield code="d">Hl 6071/6</marc:subfield><marc:subfield code="e">b</marc:subfield><marc:subfield code="d">152 829</marc:subfield><marc:subfield code="k">Buch</marc:subfield><marc:subfield code="x">3401</marc:subfield></marc:datafield><marc:datafield tag="954" ind1=" " ind2=" "><marc:subfield code="a">63</marc:subfield><marc:subfield code="b">34518288X</marc:subfield><marc:subfield code="c">02</marc:subfield><marc:subfield code="f">F+2</marc:subfield><marc:subfield code="d">Hl 6071/6</marc:subfield><marc:subfield code="e">b</marc:subfield><marc:subfield code="d">152 829</marc:subfield><marc:subfield code="k">CD-ROM</marc:subfield><marc:subfield code="x">3401</marc:subfield></marc:datafield><marc:datafield tag="954" ind1=" " ind2=" "><marc:subfield code="a">69</marc:subfield><marc:subfield code="b">370618122</marc:subfield><marc:subfield code="c">01</marc:subfield><marc:subfield code="f">UB 660</marc:subfield><marc:subfield code="d">660/ST 273 J32</marc:subfield><marc:subfield code="e">u</marc:subfield><marc:subfield code="x">0009</marc:subfield></marc:datafield><marc:datafield tag="954" ind1=" " ind2=" "><marc:subfield code="a">70</marc:subfield><marc:subfield code="b">236541129</marc:subfield><marc:subfield code="c">01</marc:subfield><marc:subfield code="d">T 97 B 3408</marc:subfield><marc:subfield code="x">0089</marc:subfield></marc:datafield><marc:datafield tag="954" ind1=" " ind2=" "><marc:subfield code="a">70</marc:subfield><marc:subfield code="b">245445838</marc:subfield><marc:subfield code="c">03</marc:subfield><marc:subfield code="d">T 97 B 4909</marc:subfield><marc:subfield code="x">0089</marc:subfield></marc:datafield><marc:datafield tag="954" ind1=" " ind2=" "><marc:subfield code="a">130</marc:subfield><marc:subfield code="b">248514202</marc:subfield><marc:subfield code="c">01</marc:subfield><marc:subfield code="f">N</marc:subfield><marc:subfield code="d">BFL B / Jam</marc:subfield><marc:subfield code="e">u</marc:subfield><marc:subfield code="k">Buch</marc:subfield><marc:subfield code="x">0700</marc:subfield></marc:datafield><marc:datafield tag="954" ind1=" " ind2=" "><marc:subfield code="a">130</marc:subfield><marc:subfield code="b">262733463</marc:subfield><marc:subfield code="c">02</marc:subfield><marc:subfield code="f">N-Medienschrank</marc:subfield><marc:subfield code="d">9520-326 5</marc:subfield><marc:subfield code="e">u</marc:subfield><marc:subfield code="k">CD-ROM</marc:subfield><marc:subfield code="x">0700</marc:subfield></marc:datafield><marc:datafield tag="954" ind1=" " ind2=" "><marc:subfield code="a">152</marc:subfield><marc:subfield code="b">350067570</marc:subfield><marc:subfield code="c">01</marc:subfield><marc:subfield code="f">A</marc:subfield><marc:subfield code="d"> EDV 950 4560/97</marc:subfield><marc:subfield code="e">u</marc:subfield><marc:subfield code="x">3405</marc:subfield></marc:datafield><marc:datafield tag="954" ind1=" " ind2=" "><marc:subfield code="a">281</marc:subfield><marc:subfield code="b">895074338</marc:subfield><marc:subfield code="c">01</marc:subfield><marc:subfield code="f">FH</marc:subfield><marc:subfield code="d">54.32(Ja)/Informatik</marc:subfield><marc:subfield code="e">c</marc:subfield><marc:subfield code="x">3281</marc:subfield></marc:datafield></marc:record>