
<marc:record><marc:leader>01690nam a2200373 c 4500</marc:leader>
<marc:controlfield tag="001">222930128</marc:controlfield>
<marc:controlfield tag="003">DE-601</marc:controlfield><marc:controlfield tag="005">20130329132800.0</marc:controlfield><marc:controlfield tag="008">970128s1996    xxu           000 0 eng d</marc:controlfield><marc:datafield tag="020" ind1=" " ind2=" "><marc:subfield code="a">1562764209 (pbk.)</marc:subfield><marc:subfield code="c">$49.99</marc:subfield><marc:subfield code="9">1-56276-420-9</marc:subfield></marc:datafield><marc:datafield tag="035" ind1=" " ind2=" "><marc:subfield code="a">(OCoLC)832981867</marc:subfield></marc:datafield><marc:datafield tag="035" ind1=" " ind2=" "><marc:subfield code="a">(DE-599)GBV222930128</marc:subfield></marc:datafield><marc:datafield tag="040" ind1=" " ind2=" "><marc:subfield code="a">GBVCP</marc:subfield><marc:subfield code="b">ger</marc:subfield><marc:subfield code="c">GBVCP</marc:subfield><marc:subfield code="e">rakwb</marc:subfield></marc:datafield><marc:datafield tag="041" ind1="0" ind2=" "><marc:subfield code="a">eng</marc:subfield></marc:datafield><marc:datafield tag="050" ind1=" " ind2="0"><marc:subfield code="a">TK5105.888</marc:subfield></marc:datafield><marc:datafield tag="082" ind1="0" ind2="0"><marc:subfield code="a">005.2/768</marc:subfield></marc:datafield><marc:datafield tag="100" ind1="1" ind2=" "><marc:subfield code="a">Hagey, Jonathan</marc:subfield></marc:datafield><marc:datafield tag="245" ind1="1" ind2="0"><marc:subfield code="a">Programming Perl 5.0 CGI Web pages for Microsoft Windows NT</marc:subfield><marc:subfield code="c">Jonathan Hagey</marc:subfield></marc:datafield><marc:datafield tag="260" ind1="3" ind2=" "><marc:subfield code="a">Emeryville, Calif</marc:subfield><marc:subfield code="b">Ziff-Davis Press</marc:subfield><marc:subfield code="c">c1996</marc:subfield></marc:datafield><marc:datafield tag="300" ind1=" " ind2=" "><marc:subfield code="a">xvi, 391 p</marc:subfield><marc:subfield code="b">ill</marc:subfield><marc:subfield code="c">23 cm. +</marc:subfield><marc:subfield code="e">1 computer laser optical disc (4 3/4 in.)</marc:subfield></marc:datafield><marc:datafield tag="500" ind1=" " ind2=" "><marc:subfield code="a">Includes index</marc:subfield></marc:datafield><marc:datafield tag="650" ind1=" " ind2="7"><marc:subfield code="0">(DE-601)214186687</marc:subfield><marc:subfield code="0">(DE-588)4419978-8</marc:subfield><marc:subfield code="a">Perl 5</marc:subfield><marc:subfield code="2">gbv</marc:subfield></marc:datafield><marc:datafield tag="653" ind1=" " ind2="0"><marc:subfield code="a">Web sites</marc:subfield></marc:datafield><marc:datafield tag="653" ind1=" " ind2="0"><marc:subfield code="a">Perl (Computer program language)</marc:subfield></marc:datafield><marc:datafield tag="653" ind1=" " ind2="0"><marc:subfield code="a">CGI (Computer network protocol)</marc:subfield></marc:datafield><marc:datafield tag="653" ind1=" " ind2="0"><marc:subfield code="a">Microsoft Windows NT</marc:subfield></marc:datafield><marc:datafield tag="900" ind1=" " ind2=" "><marc:subfield code="a">GBV</marc:subfield><marc:subfield code="b">UB Lüneburg &lt;Luen 4&gt;</marc:subfield><marc:subfield code="d">!Vol! EDV 70.3.8/9,1</marc:subfield><marc:subfield code="x">L</marc:subfield><marc:subfield code="z">LC</marc:subfield><marc:subfield code="s">3110</marc:subfield><marc:subfield code="f">Buch</marc:subfield><marc:subfield code="d">!Vol! EDV 70.3.8/9,2</marc:subfield><marc:subfield code="x">L</marc:subfield><marc:subfield code="z">LC</marc:subfield><marc:subfield code="s">3110</marc:subfield><marc:subfield code="f">CD-ROM</marc:subfield><marc:subfield code="d">!Vol! EDV 70.3.8/9,1 A</marc:subfield><marc:subfield code="x">L</marc:subfield><marc:subfield code="z">LC</marc:subfield><marc:subfield code="s">3110</marc:subfield><marc:subfield code="f">Buch</marc:subfield><marc:subfield code="d">!Vol! EDV 70.3.8/9,2 A</marc:subfield><marc:subfield code="x">L</marc:subfield><marc:subfield code="z">LC</marc:subfield><marc:subfield code="s">3110</marc:subfield><marc:subfield code="f">CD-ROM</marc:subfield><marc:subfield code="d">!Vol! EDV 70.3.8/9,1 B</marc:subfield><marc:subfield code="x">L</marc:subfield><marc:subfield code="z">LC</marc:subfield><marc:subfield code="s">3110</marc:subfield><marc:subfield code="f">Buch</marc:subfield><marc:subfield code="d">!Vol! EDV 70.3.8/9,2 B</marc:subfield><marc:subfield code="x">L</marc:subfield><marc:subfield code="z">LC</marc:subfield><marc:subfield code="s">3110</marc:subfield><marc:subfield code="f">CD-ROM</marc:subfield></marc:datafield><marc:datafield tag="951" ind1=" " ind2=" "><marc:subfield code="a">EDV 70.3.8</marc:subfield><marc:subfield code="2">110</marc:subfield></marc:datafield><marc:datafield tag="954" ind1=" " ind2=" "><marc:subfield code="a">110</marc:subfield><marc:subfield code="b">235948969</marc:subfield><marc:subfield code="c">01</marc:subfield><marc:subfield code="f">Vol</marc:subfield><marc:subfield code="d">EDV 70.3.8/9,1</marc:subfield><marc:subfield code="e">u</marc:subfield><marc:subfield code="k">Buch</marc:subfield><marc:subfield code="x">3110</marc:subfield></marc:datafield><marc:datafield tag="954" ind1=" " ind2=" "><marc:subfield code="a">110</marc:subfield><marc:subfield code="b">235948977</marc:subfield><marc:subfield code="c">02</marc:subfield><marc:subfield code="f">Vol</marc:subfield><marc:subfield code="d">EDV 70.3.8/9,2</marc:subfield><marc:subfield code="e">u</marc:subfield><marc:subfield code="k">CD-ROM</marc:subfield><marc:subfield code="x">3110</marc:subfield></marc:datafield><marc:datafield tag="954" ind1=" " ind2=" "><marc:subfield code="a">110</marc:subfield><marc:subfield code="b">235948985</marc:subfield><marc:subfield code="c">03</marc:subfield><marc:subfield code="f">Vol</marc:subfield><marc:subfield code="d">EDV 70.3.8/9,1 A</marc:subfield><marc:subfield code="e">u</marc:subfield><marc:subfield code="k">Buch</marc:subfield><marc:subfield code="x">3110</marc:subfield></marc:datafield><marc:datafield tag="954" ind1=" " ind2=" "><marc:subfield code="a">110</marc:subfield><marc:subfield code="b">235948993</marc:subfield><marc:subfield code="c">04</marc:subfield><marc:subfield code="f">Vol</marc:subfield><marc:subfield code="d">EDV 70.3.8/9,2 A</marc:subfield><marc:subfield code="e">u</marc:subfield><marc:subfield code="k">CD-ROM</marc:subfield><marc:subfield code="x">3110</marc:subfield></marc:datafield><marc:datafield tag="954" ind1=" " ind2=" "><marc:subfield code="a">110</marc:subfield><marc:subfield code="b">235949000</marc:subfield><marc:subfield code="c">05</marc:subfield><marc:subfield code="f">Vol</marc:subfield><marc:subfield code="d">EDV 70.3.8/9,1 B</marc:subfield><marc:subfield code="e">u</marc:subfield><marc:subfield code="k">Buch</marc:subfield><marc:subfield code="x">3110</marc:subfield></marc:datafield><marc:datafield tag="954" ind1=" " ind2=" "><marc:subfield code="a">110</marc:subfield><marc:subfield code="b">235949019</marc:subfield><marc:subfield code="c">06</marc:subfield><marc:subfield code="f">Vol</marc:subfield><marc:subfield code="d">EDV 70.3.8/9,2 B</marc:subfield><marc:subfield code="e">u</marc:subfield><marc:subfield code="k">CD-ROM</marc:subfield><marc:subfield code="x">3110</marc:subfield></marc:datafield></marc:record>