
<marc:record><marc:leader>02332npm a2200697 ca4500</marc:leader>
<marc:controlfield tag="001">090022203</marc:controlfield>
<marc:controlfield tag="003">DE-601</marc:controlfield><marc:controlfield tag="005">20100504215607.0</marc:controlfield><marc:controlfield tag="008">951124s1996    gw            000 0 ger d</marc:controlfield><marc:datafield tag="015" ind1=" " ind2=" "><marc:subfield code="a">95N470281</marc:subfield><marc:subfield code="2">dnb</marc:subfield></marc:datafield><marc:datafield tag="015" ind1=" " ind2=" "><marc:subfield code="a">96A100913</marc:subfield><marc:subfield code="2">dnb</marc:subfield></marc:datafield><marc:datafield tag="016" ind1="7" ind2=" "><marc:subfield code="a">945929307</marc:subfield><marc:subfield code="2">DE-101</marc:subfield></marc:datafield><marc:datafield tag="020" ind1=" " ind2=" "><marc:subfield code="a">382729505X (: DM 69.00, sfr 64.00, S 511.00)</marc:subfield><marc:subfield code="9">3-8272-9505-X</marc:subfield></marc:datafield><marc:datafield tag="040" ind1=" " ind2=" "><marc:subfield code="a">GBVCP</marc:subfield><marc:subfield code="b">ger</marc:subfield><marc:subfield code="c">GBVCP</marc:subfield><marc:subfield code="e">rakwb</marc:subfield></marc:datafield><marc:datafield tag="041" ind1="0" ind2=" "><marc:subfield code="a">ger</marc:subfield><marc:subfield code="a">eng</marc:subfield></marc:datafield><marc:datafield tag="044" ind1=" " ind2=" "><marc:subfield code="a">gw</marc:subfield><marc:subfield code="a">xxk</marc:subfield><marc:subfield code="a">mx</marc:subfield></marc:datafield><marc:datafield tag="084" ind1=" " ind2=" "><marc:subfield code="a">28</marc:subfield><marc:subfield code="2">sdnb</marc:subfield></marc:datafield><marc:datafield tag="084" ind1=" " ind2=" "><marc:subfield code="a">54.53</marc:subfield><marc:subfield code="9">Programmiersprachen</marc:subfield><marc:subfield code="2">bcl</marc:subfield></marc:datafield><marc:datafield tag="240" ind1="1" ind2="0"><marc:subfield code="a">Perl by example &lt;dt.&gt;</marc:subfield></marc:datafield><marc:datafield tag="245" ind1="0" ind2="0"><marc:subfield code="a">Beispielhaft in Perl programmieren</marc:subfield><marc:subfield code="h">Verschiedene Materialien</marc:subfield><marc:subfield code="c">Ellie Quigley</marc:subfield></marc:datafield><marc:datafield tag="250" ind1=" " ind2=" "><marc:subfield code="a">[Nachdr.]</marc:subfield></marc:datafield><marc:datafield tag="260" ind1="3" ind2=" "><marc:subfield code="a">München [u.a.]</marc:subfield><marc:subfield code="b">Prentice Hall</marc:subfield><marc:subfield code="c">1996</marc:subfield></marc:datafield><marc:datafield tag="300" ind1=" " ind2=" "><marc:subfield code="a">350 S., Medienkombination</marc:subfield></marc:datafield><marc:datafield tag="650" ind1=" " ind2="7"><marc:subfield code="0">(DE-601)123519713</marc:subfield><marc:subfield code="0">(DE-588)4307836-9</marc:subfield><marc:subfield code="a">Perl</marc:subfield><marc:subfield code="9">g:Programmiersprache</marc:subfield><marc:subfield code="2">gnd</marc:subfield></marc:datafield><marc:datafield tag="689" ind1="0" ind2="0"><marc:subfield code="0">(DE-601)123519713</marc:subfield><marc:subfield code="0">(DE-588)4307836-9</marc:subfield><marc:subfield code="a">Perl</marc:subfield><marc:subfield code="9">g:Programmiersprache</marc:subfield></marc:datafield><marc:datafield tag="700" ind1="1" ind2=" "><marc:subfield code="a">Quigley, Ellie</marc:subfield></marc:datafield><marc:datafield tag="900" ind1=" " ind2=" "><marc:subfield code="a">GBV</marc:subfield><marc:subfield code="b">UB Braunschweig &lt;84&gt;</marc:subfield></marc:datafield><marc:datafield tag="900" ind1=" " ind2=" "><marc:subfield code="a">GBV</marc:subfield><marc:subfield code="b">SUB Bremen &lt;46&gt;</marc:subfield></marc:datafield><marc:datafield tag="900" ind1=" " ind2=" "><marc:subfield code="a">GBV</marc:subfield><marc:subfield code="b">SUB+Uni Hamburg &lt;18&gt;</marc:subfield></marc:datafield><marc:datafield tag="900" ind1=" " ind2=" "><marc:subfield code="a">GBV</marc:subfield><marc:subfield code="b">UB Kiel &lt;8&gt;</marc:subfield><marc:subfield code="d">!16! Einzelsignaturen</marc:subfield><marc:subfield code="x">L</marc:subfield><marc:subfield code="z">LC</marc:subfield><marc:subfield code="s">8</marc:subfield></marc:datafield><marc:datafield tag="900" ind1=" " ind2=" "><marc:subfield code="a">GBV</marc:subfield><marc:subfield code="b">UB Ilmenau &lt;Ilm 1&gt;</marc:subfield></marc:datafield><marc:datafield tag="900" ind1=" " ind2=" "><marc:subfield code="a">GBV</marc:subfield><marc:subfield code="b">UB Rostock &lt;28&gt;</marc:subfield></marc:datafield><marc:datafield tag="900" ind1=" " ind2=" "><marc:subfield code="a">GBV</marc:subfield><marc:subfield code="b">ULB Halle &lt;3&gt;</marc:subfield></marc:datafield><marc:datafield tag="900" ind1=" " ind2=" "><marc:subfield code="a">GBV</marc:subfield><marc:subfield code="b">UB Greifswald &lt;9&gt;</marc:subfield></marc:datafield><marc:datafield tag="900" ind1=" " ind2=" "><marc:subfield code="a">GBV</marc:subfield><marc:subfield code="b">TIB/UB Hannover &lt;89&gt;</marc:subfield></marc:datafield><marc:datafield tag="900" ind1=" " ind2=" "><marc:subfield code="a">GBV</marc:subfield><marc:subfield code="b">UB Osnabrück &lt;700&gt;</marc:subfield></marc:datafield><marc:datafield tag="900" ind1=" " ind2=" "><marc:subfield code="a">GBV</marc:subfield><marc:subfield code="b">HS Wismar &lt;Wis 1&gt;</marc:subfield></marc:datafield><marc:datafield tag="900" ind1=" " ind2=" "><marc:subfield code="a">GBV</marc:subfield><marc:subfield code="b">FH Schmalkalden &lt;Shm2&gt;</marc:subfield></marc:datafield><marc:datafield tag="950" ind1=" " ind2=" "><marc:subfield code="a">Perl &lt;Programmiersprache&gt;</marc:subfield><marc:subfield code="2">32</marc:subfield></marc:datafield><marc:datafield tag="950" ind1=" " ind2=" "><marc:subfield code="a">Systemprogrammierung</marc:subfield><marc:subfield code="2">32</marc:subfield></marc:datafield><marc:datafield tag="950" ind1=" " ind2=" "><marc:subfield code="a">UNIX</marc:subfield><marc:subfield code="2">32</marc:subfield></marc:datafield><marc:datafield tag="950" ind1=" " ind2=" "><marc:subfield code="a">Perl &lt;Programmiersprache&gt;</marc:subfield><marc:subfield code="2">62</marc:subfield></marc:datafield><marc:datafield tag="950" ind1=" " ind2=" "><marc:subfield code="a">Perl &lt;Programmiersprache&gt;</marc:subfield><marc:subfield code="2">136</marc:subfield></marc:datafield><marc:datafield tag="951" ind1=" " ind2=" "><marc:subfield code="a">inf 331 pel</marc:subfield><marc:subfield code="2">21</marc:subfield></marc:datafield><marc:datafield tag="951" ind1=" " ind2=" "><marc:subfield code="a">92</marc:subfield><marc:subfield code="2">21</marc:subfield></marc:datafield><marc:datafield tag="951" ind1=" " ind2=" "><marc:subfield code="a">ST 250 P30</marc:subfield><marc:subfield code="2">32</marc:subfield></marc:datafield><marc:datafield tag="951" ind1=" " ind2=" "><marc:subfield code="a">ST 250 P30</marc:subfield><marc:subfield code="2">69</marc:subfield></marc:datafield><marc:datafield tag="951" ind1=" " ind2=" "><marc:subfield code="a">F:A4d.hh5</marc:subfield><marc:subfield code="2">136</marc:subfield></marc:datafield><marc:datafield tag="951" ind1=" " ind2=" "><marc:subfield code="a">F:A4d.ff</marc:subfield><marc:subfield code="2">136</marc:subfield></marc:datafield><marc:datafield tag="954" ind1=" " ind2=" "><marc:subfield code="a">20</marc:subfield><marc:subfield code="b">174927339</marc:subfield><marc:subfield code="c">01</marc:subfield><marc:subfield code="x">0084</marc:subfield></marc:datafield><marc:datafield tag="954" ind1=" " ind2=" "><marc:subfield code="a">21</marc:subfield><marc:subfield code="b">24573032X</marc:subfield><marc:subfield code="c">01</marc:subfield><marc:subfield code="x">0046</marc:subfield></marc:datafield><marc:datafield tag="954" ind1=" " ind2=" "><marc:subfield code="a">22</marc:subfield><marc:subfield code="b">284012793</marc:subfield><marc:subfield code="c">02</marc:subfield><marc:subfield code="x">0018</marc:subfield></marc:datafield><marc:datafield tag="954" ind1=" " ind2=" "><marc:subfield code="a">24</marc:subfield><marc:subfield code="b">176087974</marc:subfield><marc:subfield code="c">01</marc:subfield><marc:subfield code="f">16</marc:subfield><marc:subfield code="d">Einzelsignaturen</marc:subfield><marc:subfield code="e">u</marc:subfield><marc:subfield code="x">0008</marc:subfield></marc:datafield><marc:datafield tag="954" ind1=" " ind2=" "><marc:subfield code="a">32</marc:subfield><marc:subfield code="b">187186340</marc:subfield><marc:subfield code="c">01</marc:subfield><marc:subfield code="x">3400</marc:subfield></marc:datafield><marc:datafield tag="954" ind1=" " ind2=" "><marc:subfield code="a">62</marc:subfield><marc:subfield code="b">267240775</marc:subfield><marc:subfield code="c">01</marc:subfield><marc:subfield code="x">0028</marc:subfield></marc:datafield><marc:datafield tag="954" ind1=" " ind2=" "><marc:subfield code="a">65</marc:subfield><marc:subfield code="b">190977213</marc:subfield><marc:subfield code="c">01</marc:subfield><marc:subfield code="x">0003</marc:subfield></marc:datafield><marc:datafield tag="954" ind1=" " ind2=" "><marc:subfield code="a">69</marc:subfield><marc:subfield code="b">179287281</marc:subfield><marc:subfield code="c">01</marc:subfield><marc:subfield code="x">0009</marc:subfield></marc:datafield><marc:datafield tag="954" ind1=" " ind2=" "><marc:subfield code="a">70</marc:subfield><marc:subfield code="b">168971143</marc:subfield><marc:subfield code="c">01</marc:subfield><marc:subfield code="x">0089</marc:subfield></marc:datafield><marc:datafield tag="954" ind1=" " ind2=" "><marc:subfield code="a">130</marc:subfield><marc:subfield code="b">199548854</marc:subfield><marc:subfield code="c">01</marc:subfield><marc:subfield code="x">0700</marc:subfield></marc:datafield><marc:datafield tag="954" ind1=" " ind2=" "><marc:subfield code="a">136</marc:subfield><marc:subfield code="b">177053275</marc:subfield><marc:subfield code="c">01</marc:subfield><marc:subfield code="x">3526</marc:subfield></marc:datafield><marc:datafield tag="954" ind1=" " ind2=" "><marc:subfield code="a">152</marc:subfield><marc:subfield code="b">334693489</marc:subfield><marc:subfield code="c">01</marc:subfield><marc:subfield code="x">3405</marc:subfield></marc:datafield></marc:record>