
<marc:record><marc:leader>06989nam a2201345 c 4500</marc:leader>
<marc:controlfield tag="001">123707633</marc:controlfield>
<marc:controlfield tag="003">DE-601</marc:controlfield><marc:controlfield tag="005">20150319101507.0</marc:controlfield><marc:controlfield tag="008">930414s1993    gw            000 0 ger d</marc:controlfield><marc:datafield tag="015" ind1=" " ind2=" "><marc:subfield code="a">92N500379</marc:subfield><marc:subfield code="2">dnb</marc:subfield></marc:datafield><marc:datafield tag="015" ind1=" " ind2=" "><marc:subfield code="a">93A160978</marc:subfield><marc:subfield code="2">dnb</marc:subfield></marc:datafield><marc:datafield tag="016" ind1="7" ind2=" "><marc:subfield code="a">930037421</marc:subfield><marc:subfield code="2">DE-101</marc:subfield></marc:datafield><marc:datafield tag="020" ind1=" " ind2=" "><marc:subfield code="a">3446172572 ((Hanser kart.)</marc:subfield><marc:subfield code="c">DM 64.00</marc:subfield><marc:subfield code="9">3-446-17257-2</marc:subfield></marc:datafield><marc:datafield tag="020" ind1=" " ind2=" "><marc:subfield code="a">0937175641 ((O'Reilly kart.)</marc:subfield><marc:subfield code="9">0-937175-64-1</marc:subfield></marc:datafield><marc:datafield tag="024" ind1="8" ind2=" "><marc:subfield code="a">pot10046630</marc:subfield></marc:datafield><marc:datafield tag="024" ind1="8" ind2=" "><marc:subfield code="a">IFMGW000019577</marc:subfield></marc:datafield><marc:datafield tag="024" ind1="8" ind2=" "><marc:subfield code="a">ubca00280</marc:subfield></marc:datafield><marc:datafield tag="024" ind1="8" ind2=" "><marc:subfield code="a">iwh8179</marc:subfield></marc:datafield><marc:datafield tag="035" ind1=" " ind2=" "><marc:subfield code="a">(OCoLC)75334564</marc:subfield></marc:datafield><marc:datafield tag="035" ind1=" " ind2=" "><marc:subfield code="a">(ZBM)0853.68069</marc:subfield></marc:datafield><marc:datafield tag="040" ind1=" " ind2=" "><marc:subfield code="a">GBVCP</marc:subfield><marc:subfield code="b">ger</marc:subfield><marc:subfield code="c">GBVCP</marc:subfield><marc:subfield code="e">rakwb</marc:subfield></marc:datafield><marc:datafield tag="041" ind1="0" ind2=" "><marc:subfield code="a">ger</marc:subfield></marc:datafield><marc:datafield tag="044" ind1=" " ind2=" "><marc:subfield code="a">gw</marc:subfield><marc:subfield code="a">au</marc:subfield></marc:datafield><marc:datafield tag="082" ind1="0" ind2="0"><marc:subfield code="a">005.13/3</marc:subfield></marc:datafield><marc:datafield tag="084" ind1=" " ind2=" "><marc:subfield code="a">28</marc:subfield><marc:subfield code="2">sdnb</marc:subfield></marc:datafield><marc:datafield tag="084" ind1=" " ind2=" "><marc:subfield code="a">54.53</marc:subfield><marc:subfield code="9">Programmiersprachen</marc:subfield><marc:subfield code="2">bcl</marc:subfield></marc:datafield><marc:datafield tag="084" ind1=" " ind2=" "><marc:subfield code="a">mat</marc:subfield><marc:subfield code="q">DE-601</marc:subfield><marc:subfield code="2">z</marc:subfield></marc:datafield><marc:datafield tag="088" ind1=" " ind2=" "><marc:subfield code="a">RZ</marc:subfield></marc:datafield><marc:datafield tag="100" ind1="1" ind2=" "><marc:subfield code="a">Wall, Larry</marc:subfield><marc:subfield code="0">(DE-601)607405554</marc:subfield><marc:subfield code="0">(DE-588)138937079</marc:subfield></marc:datafield><marc:datafield tag="240" ind1="1" ind2="0"><marc:subfield code="a">Programming in perl &lt;dt.&gt;</marc:subfield></marc:datafield><marc:datafield tag="245" ind1="1" ind2="0"><marc:subfield code="a">Programmieren in Perl</marc:subfield><marc:subfield code="b">ein Nutshell-Handbuch</marc:subfield><marc:subfield code="c">Larry Wall; Randal L. Schwartz</marc:subfield></marc:datafield><marc:datafield tag="260" ind1="3" ind2=" "><marc:subfield code="a">München [u.a.]</marc:subfield><marc:subfield code="b">Hanser [u.a.]</marc:subfield><marc:subfield code="c">1993</marc:subfield></marc:datafield><marc:datafield tag="300" ind1=" " ind2=" "><marc:subfield code="a">XVIII, 439 S.</marc:subfield><marc:subfield code="c">24 cm</marc:subfield><marc:subfield code="e">Schnellübersicht (16 S.)</marc:subfield></marc:datafield><marc:datafield tag="490" ind1="0" ind2=" "><marc:subfield code="a">A Nutshell handbook</marc:subfield></marc:datafield><marc:datafield tag="650" ind1=" " ind2="7"><marc:subfield code="0">(DE-601)123519713</marc:subfield><marc:subfield code="0">(DE-588)4307836-9</marc:subfield><marc:subfield code="a">Perl</marc:subfield><marc:subfield code="9">g:Programmiersprache</marc:subfield><marc:subfield code="2">gnd</marc:subfield></marc:datafield><marc:datafield tag="689" ind1="0" ind2="0"><marc:subfield code="0">(DE-601)123519713</marc:subfield><marc:subfield code="0">(DE-588)4307836-9</marc:subfield><marc:subfield code="a">Perl</marc:subfield><marc:subfield code="9">g:Programmiersprache</marc:subfield></marc:datafield><marc:datafield tag="700" ind1="1" ind2=" "><marc:subfield code="a">Schwartz, Randal L.</marc:subfield><marc:subfield code="e">Author</marc:subfield><marc:subfield code="4">aut</marc:subfield><marc:subfield code="0">(DE-601)080606733</marc:subfield><marc:subfield code="0">(DE-588)120327996</marc:subfield></marc:datafield><marc:datafield tag="856" ind1="4" ind2="2"><marc:subfield code="y">Inhaltsverzeichnis</marc:subfield><marc:subfield code="u">http://www.gbv.de/dms/bowker/toc/9780937175644.pdf</marc:subfield><marc:subfield code="m">V:DE-601;Bowker</marc:subfield><marc:subfield code="3">Inhaltsverzeichnis</marc:subfield></marc:datafield><marc:datafield tag="856" ind1="4" ind2="2"><marc:subfield code="y">Zentralblatt MATH</marc:subfield><marc:subfield code="u">http://zbmath.org/?q=an:0853.68069</marc:subfield><marc:subfield code="m">V:DE-601;ZBM</marc:subfield><marc:subfield code="3">Inhaltstext</marc:subfield></marc:datafield><marc:datafield tag="856" ind1="4" ind2="2"><marc:subfield code="y">Zentralblatt MATH</marc:subfield><marc:subfield code="u">http://zbmath.org/?q=an:0853.68069</marc:subfield><marc:subfield code="m">V:DE-601;ZBM</marc:subfield><marc:subfield code="3">Inhaltstext</marc:subfield></marc:datafield><marc:datafield tag="900" ind1=" " ind2=" "><marc:subfield code="a">GBV</marc:subfield><marc:subfield code="b">SUB+Uni Hamburg &lt;18&gt;</marc:subfield><marc:subfield code="d">!SUB! A 1994/2271</marc:subfield><marc:subfield code="x">L</marc:subfield><marc:subfield code="z">LC</marc:subfield></marc:datafield><marc:datafield tag="900" ind1=" " ind2=" "><marc:subfield code="a">GBV</marc:subfield><marc:subfield code="b">TUB Hamburg &lt;830&gt;</marc:subfield><marc:subfield code="d">!27! 2733-6744</marc:subfield><marc:subfield code="f">Beilage fehlt</marc:subfield><marc:subfield code="d">!27! 2761-6529</marc:subfield><marc:subfield code="f">Beilage fehlt</marc:subfield></marc:datafield><marc:datafield tag="900" ind1=" " ind2=" "><marc:subfield code="a">GBV</marc:subfield><marc:subfield code="b">UB Kiel &lt;8&gt;</marc:subfield><marc:subfield code="d">!8/60a! WALL R-28928</marc:subfield><marc:subfield code="x">N</marc:subfield><marc:subfield code="z">N</marc:subfield></marc:datafield><marc:datafield tag="900" ind1=" " ind2=" "><marc:subfield code="a">GBV</marc:subfield><marc:subfield code="b">UB Clausthal &lt;104&gt;</marc:subfield><marc:subfield code="d">!104/36!  CL 36 : RZ36</marc:subfield><marc:subfield code="x">N</marc:subfield><marc:subfield code="z">N</marc:subfield><marc:subfield code="f">Institutsbestand, deshalb nähere Informationen im Rechenzentrum (RZ36)</marc:subfield></marc:datafield><marc:datafield tag="900" ind1=" " ind2=" "><marc:subfield code="a">GBV</marc:subfield><marc:subfield code="b">THULB Jena &lt;27&gt;</marc:subfield><marc:subfield code="d">!J 50! INF:DD:2000:Perl:W187:1993</marc:subfield><marc:subfield code="x">L</marc:subfield><marc:subfield code="z">LC</marc:subfield><marc:subfield code="d">!J 50! INF:DD:2000:Perl:W187:1993</marc:subfield><marc:subfield code="x">L</marc:subfield><marc:subfield code="z">LC</marc:subfield><marc:subfield code="d">95 NA 21439/1</marc:subfield></marc:datafield><marc:datafield tag="900" ind1=" " ind2=" "><marc:subfield code="a">GBV</marc:subfield><marc:subfield code="b">UB Ilmenau &lt;Ilm 1&gt;</marc:subfield><marc:subfield code="d">!53! INF ST 250 P30 W187</marc:subfield><marc:subfield code="x">L</marc:subfield><marc:subfield code="z">LC</marc:subfield></marc:datafield><marc:datafield tag="900" ind1=" " ind2=" "><marc:subfield code="a">GBV</marc:subfield><marc:subfield code="b">HSU Hamburg &lt;705&gt;</marc:subfield><marc:subfield code="d">!355! INF 331 PEL:Y0030</marc:subfield><marc:subfield code="x">N</marc:subfield><marc:subfield code="z">N</marc:subfield></marc:datafield><marc:datafield tag="900" ind1=" " ind2=" "><marc:subfield code="a">GBV</marc:subfield><marc:subfield code="b">TIB/UB Hannover &lt;89&gt;</marc:subfield><marc:subfield code="d">T 96 B 6936</marc:subfield></marc:datafield><marc:datafield tag="900" ind1=" " ind2=" "><marc:subfield code="a">GBV</marc:subfield><marc:subfield code="b">UB Magdeburg &lt;Ma 9&gt;</marc:subfield><marc:subfield code="d">!FH! 1995 a 2377:1</marc:subfield><marc:subfield code="x">L</marc:subfield><marc:subfield code="z">LC</marc:subfield><marc:subfield code="d">!FH! 1995 a 2377:2</marc:subfield><marc:subfield code="x">L</marc:subfield><marc:subfield code="z">LC</marc:subfield><marc:subfield code="d">!FH! 1995 a 2377:3</marc:subfield><marc:subfield code="x">L</marc:subfield><marc:subfield code="z">LC</marc:subfield><marc:subfield code="d">!FH! 1995 a 2377:4</marc:subfield><marc:subfield code="x">L</marc:subfield><marc:subfield code="z">LC</marc:subfield><marc:subfield code="d">!FH! 1995 a 2377:5</marc:subfield><marc:subfield code="x">L</marc:subfield><marc:subfield code="z">LC</marc:subfield></marc:datafield><marc:datafield tag="900" ind1=" " ind2=" "><marc:subfield code="a">GBV</marc:subfield><marc:subfield code="b">UB Lüneburg &lt;Luen 4&gt;</marc:subfield><marc:subfield code="d">!Vol! EDV 70.3.8/1</marc:subfield><marc:subfield code="x">L</marc:subfield><marc:subfield code="z">LC</marc:subfield><marc:subfield code="s">3110</marc:subfield></marc:datafield><marc:datafield tag="900" ind1=" " ind2=" "><marc:subfield code="a">GBV</marc:subfield><marc:subfield code="b">HSB HSAnhalt &lt;Kt 1&gt;</marc:subfield><marc:subfield code="d">!KOET-MAG! 34748 &lt;1-2&gt;</marc:subfield><marc:subfield code="e">2</marc:subfield><marc:subfield code="x">L</marc:subfield><marc:subfield code="z">LC</marc:subfield></marc:datafield><marc:datafield tag="900" ind1=" " ind2=" "><marc:subfield code="a">GBV</marc:subfield><marc:subfield code="b">UB Osnabrück &lt;700&gt;</marc:subfield><marc:subfield code="d">!N! TXK / Per / Wal</marc:subfield><marc:subfield code="x">L</marc:subfield><marc:subfield code="z">LC</marc:subfield></marc:datafield><marc:datafield tag="900" ind1=" " ind2=" "><marc:subfield code="a">GBV</marc:subfield><marc:subfield code="b">UB Vechta &lt;Va 1&gt;</marc:subfield><marc:subfield code="d">!S'Rech! 284333</marc:subfield><marc:subfield code="x">N</marc:subfield><marc:subfield code="z">N</marc:subfield></marc:datafield><marc:datafield tag="900" ind1=" " ind2=" "><marc:subfield code="a">GBV</marc:subfield><marc:subfield code="b">Jade HSB Wilhelmshaven &lt;839&gt;</marc:subfield><marc:subfield code="d">FMBA 062</marc:subfield><marc:subfield code="x">L</marc:subfield><marc:subfield code="z">LC</marc:subfield></marc:datafield><marc:datafield tag="900" ind1=" " ind2=" "><marc:subfield code="a">GBV</marc:subfield><marc:subfield code="b">EAH Jena &lt;J 59&gt;</marc:subfield><marc:subfield code="d">!Mag1! 54.53,785-94/04436</marc:subfield><marc:subfield code="x">L</marc:subfield><marc:subfield code="z">LC</marc:subfield></marc:datafield><marc:datafield tag="900" ind1=" " ind2=" "><marc:subfield code="a">GBV</marc:subfield><marc:subfield code="b">FH Schmalkalden &lt;Shm2&gt;</marc:subfield><marc:subfield code="d">!A!  EDV 599 2246/94</marc:subfield><marc:subfield code="x">L</marc:subfield><marc:subfield code="z">LC</marc:subfield><marc:subfield code="d">!A!  EDV 599 3284/93</marc:subfield><marc:subfield code="x">L</marc:subfield><marc:subfield code="z">LC</marc:subfield></marc:datafield><marc:datafield tag="900" ind1=" " ind2=" "><marc:subfield code="a">GBV</marc:subfield><marc:subfield code="b">Hochschule Hannover &lt;960&gt;</marc:subfield><marc:subfield code="d">!Z! EDV 3210-PER /309:1</marc:subfield><marc:subfield code="x">L</marc:subfield><marc:subfield code="z">C</marc:subfield><marc:subfield code="s">960/1</marc:subfield><marc:subfield code="f">5 Ex.</marc:subfield><marc:subfield code="d">!Z! EDV 3210-PER /309:2</marc:subfield><marc:subfield code="x">L</marc:subfield><marc:subfield code="z">LC</marc:subfield><marc:subfield code="s">960/1</marc:subfield><marc:subfield code="d">!Z! EDV 3210-PER /309:3</marc:subfield><marc:subfield code="x">L</marc:subfield><marc:subfield code="z">LC</marc:subfield><marc:subfield code="s">960/1</marc:subfield><marc:subfield code="d">!Z! EDV 3210-PER /309:4</marc:subfield><marc:subfield code="x">L</marc:subfield><marc:subfield code="z">LC</marc:subfield><marc:subfield code="s">960/1</marc:subfield><marc:subfield code="d">!Z! EDV 3210-PER /309:5</marc:subfield><marc:subfield code="x">L</marc:subfield><marc:subfield code="z">LC</marc:subfield><marc:subfield code="s">960/1</marc:subfield></marc:datafield><marc:datafield tag="900" ind1=" " ind2=" "><marc:subfield code="a">GBV</marc:subfield><marc:subfield code="b">FH Stralsund &lt;Sra 5&gt;</marc:subfield><marc:subfield code="d">ST 250 P30 W187 P9</marc:subfield><marc:subfield code="x">L</marc:subfield><marc:subfield code="z">LC</marc:subfield></marc:datafield><marc:datafield tag="900" ind1=" " ind2=" "><marc:subfield code="a">GBV</marc:subfield><marc:subfield code="b">FH Harz &lt;527&gt;</marc:subfield><marc:subfield code="d">!LS1! EIC 460 0110</marc:subfield><marc:subfield code="x">L</marc:subfield><marc:subfield code="z">LC</marc:subfield><marc:subfield code="s">0527/0001</marc:subfield><marc:subfield code="d">!LS1! EIC 460 0110:02</marc:subfield><marc:subfield code="x">L</marc:subfield><marc:subfield code="z">LC</marc:subfield><marc:subfield code="s">0527/0001</marc:subfield><marc:subfield code="d">!LS1! EIC 460 0110:03</marc:subfield><marc:subfield code="x">L</marc:subfield><marc:subfield code="z">LC</marc:subfield><marc:subfield code="s">0527/0001</marc:subfield><marc:subfield code="d">!LS1! EIC 460 0110:04</marc:subfield><marc:subfield code="x">L</marc:subfield><marc:subfield code="z">LC</marc:subfield><marc:subfield code="s">0527/0001</marc:subfield><marc:subfield code="d">!LS1! EIC 460 0110:05</marc:subfield><marc:subfield code="x">L</marc:subfield><marc:subfield code="z">LC</marc:subfield><marc:subfield code="s">0527/0001</marc:subfield><marc:subfield code="d">!LS1! EIC 460 0110:06</marc:subfield><marc:subfield code="x">L</marc:subfield><marc:subfield code="z">LC</marc:subfield><marc:subfield code="s">0527/0001</marc:subfield><marc:subfield code="d">!LS1! EIC 460 0110:07</marc:subfield><marc:subfield code="x">L</marc:subfield><marc:subfield code="z">LC</marc:subfield><marc:subfield code="s">0527/0001</marc:subfield></marc:datafield><marc:datafield tag="900" ind1=" " ind2=" "><marc:subfield code="a">GBV</marc:subfield><marc:subfield code="b">UB Potsdam &lt;517&gt;</marc:subfield><marc:subfield code="d">!3220! 96051059</marc:subfield><marc:subfield code="x">L</marc:subfield><marc:subfield code="z">LC</marc:subfield></marc:datafield><marc:datafield tag="900" ind1=" " ind2=" "><marc:subfield code="a">GBV</marc:subfield><marc:subfield code="b">GEOMAR Kiel</marc:subfield><marc:subfield code="d">!W-RZ! RZ 96-204</marc:subfield><marc:subfield code="x">L</marc:subfield><marc:subfield code="z">C</marc:subfield><marc:subfield code="s">4381/0001</marc:subfield></marc:datafield><marc:datafield tag="950" ind1=" " ind2=" "><marc:subfield code="a">Perl</marc:subfield><marc:subfield code="2">32</marc:subfield></marc:datafield><marc:datafield tag="950" ind1=" " ind2=" "><marc:subfield code="a">UNIX</marc:subfield><marc:subfield code="2">32</marc:subfield></marc:datafield><marc:datafield tag="950" ind1=" " ind2=" "><marc:subfield code="a">Programmiersprachen</marc:subfield><marc:subfield code="2">118</marc:subfield></marc:datafield><marc:datafield tag="950" ind1=" " ind2=" "><marc:subfield code="a">Problemorientierte Programmiersprache</marc:subfield><marc:subfield code="2">152</marc:subfield></marc:datafield><marc:datafield tag="950" ind1=" " ind2=" "><marc:subfield code="a">Perl</marc:subfield><marc:subfield code="2">185</marc:subfield></marc:datafield><marc:datafield tag="951" ind1=" " ind2=" "><marc:subfield code="a">INF:DD:2000</marc:subfield><marc:subfield code="2">31</marc:subfield></marc:datafield><marc:datafield tag="951" ind1=" " ind2=" "><marc:subfield code="a">ST 250 P30</marc:subfield><marc:subfield code="2">32</marc:subfield></marc:datafield><marc:datafield tag="951" ind1=" " ind2=" "><marc:subfield code="a">INF 331</marc:subfield><marc:subfield code="2">60</marc:subfield></marc:datafield><marc:datafield tag="951" ind1=" " ind2=" "><marc:subfield code="a">Y. 322.20</marc:subfield><marc:subfield code="2">100</marc:subfield></marc:datafield><marc:datafield tag="951" ind1=" " ind2=" "><marc:subfield code="a">CSP</marc:subfield><marc:subfield code="2">118</marc:subfield></marc:datafield><marc:datafield tag="951" ind1=" " ind2=" "><marc:subfield code="a">TLJVssp</marc:subfield><marc:subfield code="2">131</marc:subfield></marc:datafield><marc:datafield tag="951" ind1=" " ind2=" "><marc:subfield code="a">TLJR</marc:subfield><marc:subfield code="2">131</marc:subfield></marc:datafield><marc:datafield tag="951" ind1=" " ind2=" "><marc:subfield code="a">EDV 599</marc:subfield><marc:subfield code="2">152</marc:subfield></marc:datafield><marc:datafield tag="951" ind1=" " ind2=" "><marc:subfield code="a">ST 250 P30</marc:subfield><marc:subfield code="2">185</marc:subfield></marc:datafield><marc:datafield tag="951" ind1=" " ind2=" "><marc:subfield code="a">CS</marc:subfield><marc:subfield code="2">231</marc:subfield></marc:datafield><marc:datafield tag="951" ind1=" " ind2=" "><marc:subfield code="a">ST 250 PER</marc:subfield><marc:subfield code="2">285</marc:subfield></marc:datafield><marc:datafield tag="954" ind1=" " ind2=" "><marc:subfield code="a">22</marc:subfield><marc:subfield code="b">088943143</marc:subfield><marc:subfield code="c">01</marc:subfield><marc:subfield code="f">SUB</marc:subfield><marc:subfield code="d">A 1994/2271</marc:subfield><marc:subfield code="e">u</marc:subfield><marc:subfield code="x">0018</marc:subfield></marc:datafield><marc:datafield tag="954" ind1=" " ind2=" "><marc:subfield code="a">23</marc:subfield><marc:subfield code="b">163326622</marc:subfield><marc:subfield code="c">01</marc:subfield><marc:subfield code="f">27</marc:subfield><marc:subfield code="d">2733-6744</marc:subfield><marc:subfield code="k">Beilage fehlt</marc:subfield><marc:subfield code="x">0830</marc:subfield></marc:datafield><marc:datafield tag="954" ind1=" " ind2=" "><marc:subfield code="a">23</marc:subfield><marc:subfield code="b">409905089</marc:subfield><marc:subfield code="c">02</marc:subfield><marc:subfield code="f">27</marc:subfield><marc:subfield code="d">2761-6529</marc:subfield><marc:subfield code="k">Beilage fehlt</marc:subfield><marc:subfield code="x">0830</marc:subfield></marc:datafield><marc:datafield tag="954" ind1=" " ind2=" "><marc:subfield code="a">24</marc:subfield><marc:subfield code="b">249913445</marc:subfield><marc:subfield code="c">01</marc:subfield><marc:subfield code="f">8/60a</marc:subfield><marc:subfield code="d">WALL R-28928</marc:subfield><marc:subfield code="e">i</marc:subfield><marc:subfield code="x">0008</marc:subfield></marc:datafield><marc:datafield tag="954" ind1=" " ind2=" "><marc:subfield code="a">30</marc:subfield><marc:subfield code="b">943892384</marc:subfield><marc:subfield code="c">01</marc:subfield><marc:subfield code="f">104/36</marc:subfield><marc:subfield code="d"> CL 36 : RZ36</marc:subfield><marc:subfield code="e">g</marc:subfield><marc:subfield code="k">Institutsbestand, deshalb nähere Informationen im Rechenzentrum (RZ36)</marc:subfield><marc:subfield code="x">0104</marc:subfield></marc:datafield><marc:datafield tag="954" ind1=" " ind2=" "><marc:subfield code="a">31</marc:subfield><marc:subfield code="b">276562623</marc:subfield><marc:subfield code="c">01</marc:subfield><marc:subfield code="f">J 50</marc:subfield><marc:subfield code="d">INF:DD:2000:Perl:W187:1993</marc:subfield><marc:subfield code="e">d</marc:subfield><marc:subfield code="x">0027</marc:subfield></marc:datafield><marc:datafield tag="954" ind1=" " ind2=" "><marc:subfield code="a">31</marc:subfield><marc:subfield code="b">310857465</marc:subfield><marc:subfield code="c">02</marc:subfield><marc:subfield code="f">J 50</marc:subfield><marc:subfield code="d">INF:DD:2000:Perl:W187:1993</marc:subfield><marc:subfield code="e">d</marc:subfield><marc:subfield code="d">95 NA 21439/1</marc:subfield><marc:subfield code="x">0027</marc:subfield></marc:datafield><marc:datafield tag="954" ind1=" " ind2=" "><marc:subfield code="a">32</marc:subfield><marc:subfield code="b">146720024</marc:subfield><marc:subfield code="c">01</marc:subfield><marc:subfield code="f">53</marc:subfield><marc:subfield code="d">INF ST 250 P30 W187</marc:subfield><marc:subfield code="e">u</marc:subfield><marc:subfield code="x">3400</marc:subfield></marc:datafield><marc:datafield tag="954" ind1=" " ind2=" "><marc:subfield code="a">60</marc:subfield><marc:subfield code="b">158799771</marc:subfield><marc:subfield code="c">02</marc:subfield><marc:subfield code="f">355</marc:subfield><marc:subfield code="d">INF 331 PEL:Y0030</marc:subfield><marc:subfield code="e">c</marc:subfield><marc:subfield code="x">0705</marc:subfield></marc:datafield><marc:datafield tag="954" ind1=" " ind2=" "><marc:subfield code="a">70</marc:subfield><marc:subfield code="b">215632710</marc:subfield><marc:subfield code="c">01</marc:subfield><marc:subfield code="d">T 96 B 6936</marc:subfield><marc:subfield code="x">0089</marc:subfield></marc:datafield><marc:datafield tag="954" ind1=" " ind2=" "><marc:subfield code="a">100</marc:subfield><marc:subfield code="b">146184505</marc:subfield><marc:subfield code="c">01</marc:subfield><marc:subfield code="f">FH</marc:subfield><marc:subfield code="d">1995 a 2377:1</marc:subfield><marc:subfield code="e">u</marc:subfield><marc:subfield code="x">3100</marc:subfield></marc:datafield><marc:datafield tag="954" ind1=" " ind2=" "><marc:subfield code="a">100</marc:subfield><marc:subfield code="b">146184513</marc:subfield><marc:subfield code="c">02</marc:subfield><marc:subfield code="f">FH</marc:subfield><marc:subfield code="d">1995 a 2377:2</marc:subfield><marc:subfield code="e">u</marc:subfield><marc:subfield code="x">3100</marc:subfield></marc:datafield><marc:datafield tag="954" ind1=" " ind2=" "><marc:subfield code="a">100</marc:subfield><marc:subfield code="b">146184521</marc:subfield><marc:subfield code="c">03</marc:subfield><marc:subfield code="f">FH</marc:subfield><marc:subfield code="d">1995 a 2377:3</marc:subfield><marc:subfield code="e">u</marc:subfield><marc:subfield code="x">3100</marc:subfield></marc:datafield><marc:datafield tag="954" ind1=" " ind2=" "><marc:subfield code="a">100</marc:subfield><marc:subfield code="b">168808668</marc:subfield><marc:subfield code="c">04</marc:subfield><marc:subfield code="f">FH</marc:subfield><marc:subfield code="d">1995 a 2377:4</marc:subfield><marc:subfield code="e">u</marc:subfield><marc:subfield code="x">3100</marc:subfield></marc:datafield><marc:datafield tag="954" ind1=" " ind2=" "><marc:subfield code="a">100</marc:subfield><marc:subfield code="b">168808676</marc:subfield><marc:subfield code="c">05</marc:subfield><marc:subfield code="f">FH</marc:subfield><marc:subfield code="d">1995 a 2377:5</marc:subfield><marc:subfield code="e">u</marc:subfield><marc:subfield code="x">3100</marc:subfield></marc:datafield><marc:datafield tag="954" ind1=" " ind2=" "><marc:subfield code="a">110</marc:subfield><marc:subfield code="b">156610116</marc:subfield><marc:subfield code="c">01</marc:subfield><marc:subfield code="f">Vol</marc:subfield><marc:subfield code="d">EDV 70.3.8/1</marc:subfield><marc:subfield code="e">u</marc:subfield><marc:subfield code="x">3110</marc:subfield></marc:datafield><marc:datafield tag="954" ind1=" " ind2=" "><marc:subfield code="a">118</marc:subfield><marc:subfield code="b">634561545</marc:subfield><marc:subfield code="c">01</marc:subfield><marc:subfield code="f">KOET-MAG</marc:subfield><marc:subfield code="d">34748 &lt;1-2&gt;</marc:subfield><marc:subfield code="e">u</marc:subfield><marc:subfield code="x">3329</marc:subfield></marc:datafield><marc:datafield tag="954" ind1=" " ind2=" "><marc:subfield code="a">130</marc:subfield><marc:subfield code="b">10851742X</marc:subfield><marc:subfield code="c">01</marc:subfield><marc:subfield code="f">N</marc:subfield><marc:subfield code="d">TXK / Per / Wal</marc:subfield><marc:subfield code="e">u</marc:subfield><marc:subfield code="x">0700</marc:subfield></marc:datafield><marc:datafield tag="954" ind1=" " ind2=" "><marc:subfield code="a">131</marc:subfield><marc:subfield code="b">186366507</marc:subfield><marc:subfield code="c">01</marc:subfield><marc:subfield code="f">S'Rech</marc:subfield><marc:subfield code="d">284333</marc:subfield><marc:subfield code="e">g</marc:subfield><marc:subfield code="x">3131</marc:subfield></marc:datafield><marc:datafield tag="954" ind1=" " ind2=" "><marc:subfield code="a">140</marc:subfield><marc:subfield code="b">108702359</marc:subfield><marc:subfield code="c">01</marc:subfield><marc:subfield code="d">FMBA 062</marc:subfield><marc:subfield code="e">u</marc:subfield><marc:subfield code="x">0839</marc:subfield></marc:datafield><marc:datafield tag="954" ind1=" " ind2=" "><marc:subfield code="a">150</marc:subfield><marc:subfield code="b">248607979</marc:subfield><marc:subfield code="c">01</marc:subfield><marc:subfield code="f">Mag1</marc:subfield><marc:subfield code="d">54.53,785-94/04436</marc:subfield><marc:subfield code="e">u</marc:subfield><marc:subfield code="x">3406</marc:subfield></marc:datafield><marc:datafield tag="954" ind1=" " ind2=" "><marc:subfield code="a">152</marc:subfield><marc:subfield code="b">362915407</marc:subfield><marc:subfield code="c">01</marc:subfield><marc:subfield code="f">A</marc:subfield><marc:subfield code="d"> EDV 599 2246/94</marc:subfield><marc:subfield code="e">u</marc:subfield><marc:subfield code="x">3405</marc:subfield></marc:datafield><marc:datafield tag="954" ind1=" " ind2=" "><marc:subfield code="a">152</marc:subfield><marc:subfield code="b">380825864</marc:subfield><marc:subfield code="c">02</marc:subfield><marc:subfield code="f">A</marc:subfield><marc:subfield code="d"> EDV 599 3284/93</marc:subfield><marc:subfield code="e">u</marc:subfield><marc:subfield code="x">3405</marc:subfield></marc:datafield><marc:datafield tag="954" ind1=" " ind2=" "><marc:subfield code="a">161</marc:subfield><marc:subfield code="b">22528796X</marc:subfield><marc:subfield code="c">01</marc:subfield><marc:subfield code="f">Z</marc:subfield><marc:subfield code="d">EDV 3210-PER /309:1</marc:subfield><marc:subfield code="e">s</marc:subfield><marc:subfield code="k">5 Ex.</marc:subfield><marc:subfield code="x">960/1</marc:subfield></marc:datafield><marc:datafield tag="954" ind1=" " ind2=" "><marc:subfield code="a">161</marc:subfield><marc:subfield code="b">225287978</marc:subfield><marc:subfield code="c">02</marc:subfield><marc:subfield code="f">Z</marc:subfield><marc:subfield code="d">EDV 3210-PER /309:2</marc:subfield><marc:subfield code="e">u</marc:subfield><marc:subfield code="x">960/1</marc:subfield></marc:datafield><marc:datafield tag="954" ind1=" " ind2=" "><marc:subfield code="a">161</marc:subfield><marc:subfield code="b">225287986</marc:subfield><marc:subfield code="c">03</marc:subfield><marc:subfield code="f">Z</marc:subfield><marc:subfield code="d">EDV 3210-PER /309:3</marc:subfield><marc:subfield code="e">u</marc:subfield><marc:subfield code="x">960/1</marc:subfield></marc:datafield><marc:datafield tag="954" ind1=" " ind2=" "><marc:subfield code="a">161</marc:subfield><marc:subfield code="b">225287994</marc:subfield><marc:subfield code="c">04</marc:subfield><marc:subfield code="f">Z</marc:subfield><marc:subfield code="d">EDV 3210-PER /309:4</marc:subfield><marc:subfield code="e">u</marc:subfield><marc:subfield code="x">960/1</marc:subfield></marc:datafield><marc:datafield tag="954" ind1=" " ind2=" "><marc:subfield code="a">161</marc:subfield><marc:subfield code="b">225288001</marc:subfield><marc:subfield code="c">05</marc:subfield><marc:subfield code="f">Z</marc:subfield><marc:subfield code="d">EDV 3210-PER /309:5</marc:subfield><marc:subfield code="e">u</marc:subfield><marc:subfield code="x">960/1</marc:subfield></marc:datafield><marc:datafield tag="954" ind1=" " ind2=" "><marc:subfield code="a">185</marc:subfield><marc:subfield code="b">181293250</marc:subfield><marc:subfield code="c">01</marc:subfield><marc:subfield code="d">ST 250 P30 W187 P9</marc:subfield><marc:subfield code="e">u</marc:subfield><marc:subfield code="x">3519</marc:subfield></marc:datafield><marc:datafield tag="954" ind1=" " ind2=" "><marc:subfield code="a">231</marc:subfield><marc:subfield code="b">307636844</marc:subfield><marc:subfield code="c">01</marc:subfield><marc:subfield code="f">LS1</marc:subfield><marc:subfield code="d">EIC 460 0110</marc:subfield><marc:subfield code="e">u</marc:subfield><marc:subfield code="x">0527/0001</marc:subfield></marc:datafield><marc:datafield tag="954" ind1=" " ind2=" "><marc:subfield code="a">231</marc:subfield><marc:subfield code="b">307636852</marc:subfield><marc:subfield code="c">02</marc:subfield><marc:subfield code="f">LS1</marc:subfield><marc:subfield code="d">EIC 460 0110:02</marc:subfield><marc:subfield code="e">u</marc:subfield><marc:subfield code="x">0527/0001</marc:subfield></marc:datafield><marc:datafield tag="954" ind1=" " ind2=" "><marc:subfield code="a">231</marc:subfield><marc:subfield code="b">307636860</marc:subfield><marc:subfield code="c">03</marc:subfield><marc:subfield code="f">LS1</marc:subfield><marc:subfield code="d">EIC 460 0110:03</marc:subfield><marc:subfield code="e">u</marc:subfield><marc:subfield code="x">0527/0001</marc:subfield></marc:datafield><marc:datafield tag="954" ind1=" " ind2=" "><marc:subfield code="a">231</marc:subfield><marc:subfield code="b">307636879</marc:subfield><marc:subfield code="c">04</marc:subfield><marc:subfield code="f">LS1</marc:subfield><marc:subfield code="d">EIC 460 0110:04</marc:subfield><marc:subfield code="e">u</marc:subfield><marc:subfield code="x">0527/0001</marc:subfield></marc:datafield><marc:datafield tag="954" ind1=" " ind2=" "><marc:subfield code="a">231</marc:subfield><marc:subfield code="b">307636887</marc:subfield><marc:subfield code="c">05</marc:subfield><marc:subfield code="f">LS1</marc:subfield><marc:subfield code="d">EIC 460 0110:05</marc:subfield><marc:subfield code="e">u</marc:subfield><marc:subfield code="x">0527/0001</marc:subfield></marc:datafield><marc:datafield tag="954" ind1=" " ind2=" "><marc:subfield code="a">231</marc:subfield><marc:subfield code="b">307636895</marc:subfield><marc:subfield code="c">06</marc:subfield><marc:subfield code="f">LS1</marc:subfield><marc:subfield code="d">EIC 460 0110:06</marc:subfield><marc:subfield code="e">u</marc:subfield><marc:subfield code="x">0527/0001</marc:subfield></marc:datafield><marc:datafield tag="954" ind1=" " ind2=" "><marc:subfield code="a">231</marc:subfield><marc:subfield code="b">307636909</marc:subfield><marc:subfield code="c">07</marc:subfield><marc:subfield code="f">LS1</marc:subfield><marc:subfield code="d">EIC 460 0110:07</marc:subfield><marc:subfield code="e">u</marc:subfield><marc:subfield code="x">0527/0001</marc:subfield></marc:datafield><marc:datafield tag="954" ind1=" " ind2=" "><marc:subfield code="a">285</marc:subfield><marc:subfield code="b">791947467</marc:subfield><marc:subfield code="c">01</marc:subfield><marc:subfield code="f">3220</marc:subfield><marc:subfield code="d">96051059</marc:subfield><marc:subfield code="e">u</marc:subfield><marc:subfield code="x">0517</marc:subfield></marc:datafield><marc:datafield tag="954" ind1=" " ind2=" "><marc:subfield code="a">381</marc:subfield><marc:subfield code="b">088749835</marc:subfield><marc:subfield code="c">01</marc:subfield><marc:subfield code="f">W-RZ</marc:subfield><marc:subfield code="d">RZ 96-204</marc:subfield><marc:subfield code="e">s</marc:subfield><marc:subfield code="x">4381/0001</marc:subfield></marc:datafield></marc:record>