
<marc:record><marc:leader>04811nam a2200805 c 4500</marc:leader>
<marc:controlfield tag="001">022361960</marc:controlfield>
<marc:controlfield tag="003">DE-601</marc:controlfield><marc:controlfield tag="005">20141230162739.0</marc:controlfield><marc:controlfield tag="008">920903s1992    xxu           000 0 eng d</marc:controlfield><marc:datafield tag="020" ind1=" " ind2=" "><marc:subfield code="a">0937175641</marc:subfield><marc:subfield code="9">0-937175-64-1</marc:subfield></marc:datafield><marc:datafield tag="024" ind1="8" ind2=" "><marc:subfield code="a">BBAWhk_00_009826</marc:subfield></marc:datafield><marc:datafield tag="035" ind1=" " ind2=" "><marc:subfield code="a">(OCoLC)26175057</marc:subfield></marc:datafield><marc:datafield tag="035" ind1=" " ind2=" "><marc:subfield code="a">(ZBM)0853.68069</marc:subfield></marc:datafield><marc:datafield tag="035" ind1=" " ind2=" "><marc:subfield code="a">(DE-599)GBV022361960</marc:subfield></marc:datafield><marc:datafield tag="040" ind1=" " ind2=" "><marc:subfield code="a">GBVCP</marc:subfield><marc:subfield code="b">ger</marc:subfield><marc:subfield code="c">GBVCP</marc:subfield><marc:subfield code="e">rakwb</marc:subfield></marc:datafield><marc:datafield tag="041" ind1="0" ind2=" "><marc:subfield code="a">eng</marc:subfield></marc:datafield><marc:datafield tag="082" ind1="0" ind2="0"><marc:subfield code="a">005.13/3</marc:subfield></marc:datafield><marc:datafield tag="084" ind1=" " ind2=" "><marc:subfield code="a">54.53</marc:subfield><marc:subfield code="9">Programmiersprachen</marc:subfield><marc:subfield code="2">bcl</marc:subfield></marc:datafield><marc:datafield tag="084" ind1=" " ind2=" "><marc:subfield code="a">mat</marc:subfield><marc:subfield code="q">DE-601</marc:subfield><marc:subfield code="2">z</marc:subfield></marc:datafield><marc:datafield tag="100" ind1="1" ind2=" "><marc:subfield code="a">Wall, Larry</marc:subfield></marc:datafield><marc:datafield tag="245" ind1="1" ind2="0"><marc:subfield code="a">Programming perl</marc:subfield><marc:subfield code="c">Larry Wall and Randal L. Schwartz</marc:subfield></marc:datafield><marc:datafield tag="250" ind1=" " ind2=" "><marc:subfield code="a">1. ed., minor corr</marc:subfield></marc:datafield><marc:datafield tag="260" ind1="3" ind2=" "><marc:subfield code="a">Sebastopol, Calif.</marc:subfield><marc:subfield code="b">O'Reilly</marc:subfield><marc:subfield code="c">1992</marc:subfield></marc:datafield><marc:datafield tag="300" ind1=" " ind2=" "><marc:subfield code="a">XXI, 465 S</marc:subfield><marc:subfield code="e">1 Quick reference guide (19 S.)</marc:subfield></marc:datafield><marc:datafield tag="490" ind1="0" ind2=" "><marc:subfield code="a">UNIX programming</marc:subfield></marc:datafield><marc:datafield tag="490" ind1="0" ind2=" "><marc:subfield code="a">A nutshell handbook</marc:subfield></marc:datafield><marc:datafield tag="650" ind1=" " ind2="7"><marc:subfield code="0">(DE-601)123519713</marc:subfield><marc:subfield code="0">(DE-588)4307836-9</marc:subfield><marc:subfield code="a">Perl</marc:subfield><marc:subfield code="9">g:Programmiersprache</marc:subfield><marc:subfield code="2">gnd</marc:subfield></marc:datafield><marc:datafield tag="653" ind1=" " ind2="7"><marc:subfield code="a">Einführung</marc:subfield><marc:subfield code="2">gbv</marc:subfield></marc:datafield><marc:datafield tag="689" ind1="0" ind2="0"><marc:subfield code="0">(DE-601)123519713</marc:subfield><marc:subfield code="0">(DE-588)4307836-9</marc:subfield><marc:subfield code="a">Perl</marc:subfield><marc:subfield code="9">g:Programmiersprache</marc:subfield></marc:datafield><marc:datafield tag="700" ind1="1" ind2=" "><marc:subfield code="a">Schwartz, Randal L.</marc:subfield><marc:subfield code="e">Author</marc:subfield><marc:subfield code="4">aut</marc:subfield></marc:datafield><marc:datafield tag="856" ind1="4" ind2="2"><marc:subfield code="y">Zentralblatt MATH</marc:subfield><marc:subfield code="u">http://zbmath.org/?q=an:0853.68069</marc:subfield><marc:subfield code="m">V:DE-601;ZBM</marc:subfield><marc:subfield code="3">Inhaltstext</marc:subfield></marc:datafield><marc:datafield tag="856" ind1="4" ind2="2"><marc:subfield code="u">http://external.dandelon.com/download/attachments/dandelon/ids/DE004DF1907CA9D52B5C9C1257A1E0060BF2F.pdf</marc:subfield><marc:subfield code="m">V:DE-601;AGI</marc:subfield><marc:subfield code="3">Inhaltsverzeichnis</marc:subfield></marc:datafield><marc:datafield tag="856" ind1="4" ind2="2"><marc:subfield code="y">Zentralblatt MATH</marc:subfield><marc:subfield code="u">http://zbmath.org/?q=an:0853.68069</marc:subfield><marc:subfield code="m">V:DE-601;ZBM</marc:subfield><marc:subfield code="3">Inhaltstext</marc:subfield></marc:datafield><marc:datafield tag="900" ind1=" " ind2=" "><marc:subfield code="a">GBV</marc:subfield><marc:subfield code="b">UB Braunschweig &lt;84&gt;</marc:subfield><marc:subfield code="d">!L4! CP-125</marc:subfield><marc:subfield code="x">N</marc:subfield><marc:subfield code="z">N</marc:subfield></marc:datafield><marc:datafield tag="900" ind1=" " ind2=" "><marc:subfield code="a">GBV</marc:subfield><marc:subfield code="b">SUB+Uni Hamburg &lt;18&gt;</marc:subfield><marc:subfield code="d">!18/228-SM! N90335</marc:subfield><marc:subfield code="x">N</marc:subfield><marc:subfield code="z">N</marc:subfield><marc:subfield code="d">P WAL 23718</marc:subfield><marc:subfield code="f">Sonderstandort, Bestellung erforderlich, &lt;font color=&quot;green&quot;&gt;&lt;b&gt;Bereitstellung nach 2-3 Werktagen in der Informatik-Bibliothek, Stellingen&lt;/b&gt;&lt;/font&gt; &lt;a href=&quot;http://www.inf.uni-hamburg.de/inst/bib/&quot;&gt;&lt;/a&gt;</marc:subfield><marc:subfield code="d">!18/269-x! 89.50 Pro</marc:subfield><marc:subfield code="x">N</marc:subfield><marc:subfield code="z">N</marc:subfield><marc:subfield code="d"> 1995 250</marc:subfield><marc:subfield code="f">Standort : Bahrenfeld</marc:subfield><marc:subfield code="d">!18/306! DAT-S W 4</marc:subfield><marc:subfield code="e">2</marc:subfield><marc:subfield code="x">N</marc:subfield><marc:subfield code="z">N</marc:subfield><marc:subfield code="d">DAT-S Wal</marc:subfield><marc:subfield code="d">IfG Teßmer</marc:subfield><marc:subfield code="d">MPI Matthias</marc:subfield><marc:subfield code="f">Sonderstandort ausserhalb der Bibliothek</marc:subfield></marc:datafield><marc:datafield tag="900" ind1=" " ind2=" "><marc:subfield code="a">GBV</marc:subfield><marc:subfield code="b">TUB Hamburg &lt;830&gt;</marc:subfield><marc:subfield code="d">!27! 2767-3517</marc:subfield></marc:datafield><marc:datafield tag="900" ind1=" " ind2=" "><marc:subfield code="a">GBV</marc:subfield><marc:subfield code="b">UB Kiel &lt;8&gt;</marc:subfield><marc:subfield code="d">!8/62! 1.9 wal 1</marc:subfield><marc:subfield code="x">N</marc:subfield><marc:subfield code="z">N</marc:subfield><marc:subfield code="d">!8/60a! WALL R-90481</marc:subfield><marc:subfield code="x">N</marc:subfield><marc:subfield code="z">N</marc:subfield><marc:subfield code="d">Arbeitsgruppe Zentrale Dienste</marc:subfield></marc:datafield><marc:datafield tag="900" ind1=" " ind2=" "><marc:subfield code="a">GBV</marc:subfield><marc:subfield code="b">THULB Jena &lt;27&gt;</marc:subfield><marc:subfield code="d">!J 50! INF:DD:2000:Perl:W187:1992</marc:subfield><marc:subfield code="x">L</marc:subfield><marc:subfield code="z">LC</marc:subfield></marc:datafield><marc:datafield tag="900" ind1=" " ind2=" "><marc:subfield code="a">GBV</marc:subfield><marc:subfield code="b">SUB+Uni Göttingen &lt;7&gt;</marc:subfield><marc:subfield code="d">!LS1! AHD 330:i = 95 A 3060</marc:subfield><marc:subfield code="x">L</marc:subfield><marc:subfield code="z">LC</marc:subfield><marc:subfield code="d">95 A 3060</marc:subfield><marc:subfield code="d">!7/028! 06 Wal</marc:subfield><marc:subfield code="x">N</marc:subfield><marc:subfield code="z">N</marc:subfield></marc:datafield><marc:datafield tag="900" ind1=" " ind2=" "><marc:subfield code="a">GBV</marc:subfield><marc:subfield code="b">ULB Halle &lt;3&gt;</marc:subfield><marc:subfield code="d">!Ha 4! MI 91-629</marc:subfield><marc:subfield code="x">L</marc:subfield><marc:subfield code="z">LC</marc:subfield><marc:subfield code="s">3/4</marc:subfield></marc:datafield><marc:datafield tag="900" ind1=" " ind2=" "><marc:subfield code="a">GBV</marc:subfield><marc:subfield code="b">UB Greifswald &lt;9&gt;</marc:subfield><marc:subfield code="d">!UB 660! 660/ST 250 P30 W187</marc:subfield><marc:subfield code="x">L</marc:subfield><marc:subfield code="z">LC</marc:subfield></marc:datafield><marc:datafield tag="900" ind1=" " ind2=" "><marc:subfield code="a">GBV</marc:subfield><marc:subfield code="b">UB Osnabrück &lt;700&gt;</marc:subfield><marc:subfield code="d">!N! TXK / Per / Wal</marc:subfield><marc:subfield code="x">L</marc:subfield><marc:subfield code="z">LC</marc:subfield><marc:subfield code="d">!S-7! 4622-194 0</marc:subfield><marc:subfield code="x">N</marc:subfield><marc:subfield code="z">N</marc:subfield></marc:datafield><marc:datafield tag="900" ind1=" " ind2=" "><marc:subfield code="a">GBV</marc:subfield><marc:subfield code="b">HSB Emden/Leer &lt;755&gt;</marc:subfield><marc:subfield code="d">TXU / Wal</marc:subfield><marc:subfield code="x">N</marc:subfield><marc:subfield code="z">N</marc:subfield><marc:subfield code="d">TXU / Wal</marc:subfield><marc:subfield code="x">L</marc:subfield><marc:subfield code="z">LC</marc:subfield><marc:subfield code="d">!RZ! TXU / Wal</marc:subfield><marc:subfield code="x">N</marc:subfield><marc:subfield code="z">N</marc:subfield><marc:subfield code="f">Hillebrand</marc:subfield></marc:datafield><marc:datafield tag="900" ind1=" " ind2=" "><marc:subfield code="a">GBV</marc:subfield><marc:subfield code="b">Ostfalia Wolfenbüttel &lt;916&gt;</marc:subfield><marc:subfield code="d">!SZ! IN Sp 002</marc:subfield><marc:subfield code="x">L</marc:subfield><marc:subfield code="z">LC</marc:subfield><marc:subfield code="f">1</marc:subfield><marc:subfield code="d">!SZ! IN Lir 008</marc:subfield><marc:subfield code="x">L</marc:subfield><marc:subfield code="z">LC</marc:subfield><marc:subfield code="d">!SUD! IN Sp 002</marc:subfield><marc:subfield code="x">L</marc:subfield><marc:subfield code="z">LC</marc:subfield><marc:subfield code="f">Standort: Magazin. Bitte erkundigen Sie sich an der Ausleihtheke!</marc:subfield></marc:datafield><marc:datafield tag="900" ind1=" " ind2=" "><marc:subfield code="a">GBV</marc:subfield><marc:subfield code="b">ADW Berlin-Brandenburg &lt;B 4&gt;</marc:subfield><marc:subfield code="d">!B4/HB/Akad.-Verw.! HB/Akad.-Verw.</marc:subfield><marc:subfield code="x">N</marc:subfield><marc:subfield code="z">N</marc:subfield><marc:subfield code="f">1996/10</marc:subfield></marc:datafield><marc:datafield tag="951" ind1=" " ind2=" "><marc:subfield code="a">AHD 330</marc:subfield><marc:subfield code="2">40</marc:subfield></marc:datafield><marc:datafield tag="951" ind1=" " ind2=" "><marc:subfield code="a">ST 250 P30</marc:subfield><marc:subfield code="2">69</marc:subfield></marc:datafield><marc:datafield tag="951" ind1=" " ind2=" "><marc:subfield code="a">TXU</marc:subfield><marc:subfield code="2">160</marc:subfield></marc:datafield><marc:datafield tag="951" ind1=" " ind2=" "><marc:subfield code="a">rz-hil</marc:subfield><marc:subfield code="2">160</marc:subfield></marc:datafield><marc:datafield tag="954" ind1=" " ind2=" "><marc:subfield code="a">20</marc:subfield><marc:subfield code="b">538102047</marc:subfield><marc:subfield code="c">01</marc:subfield><marc:subfield code="f">L4</marc:subfield><marc:subfield code="d">CP-125</marc:subfield><marc:subfield code="e">i</marc:subfield><marc:subfield code="x">0084</marc:subfield></marc:datafield><marc:datafield tag="954" ind1=" " ind2=" "><marc:subfield code="a">22</marc:subfield><marc:subfield code="b">236098810</marc:subfield><marc:subfield code="c">02</marc:subfield><marc:subfield code="f">18/228-SM</marc:subfield><marc:subfield code="d">N90335</marc:subfield><marc:subfield code="e">c</marc:subfield><marc:subfield code="d">P WAL 23718</marc:subfield><marc:subfield code="k">Sonderstandort, Bestellung erforderlich, &lt;font color=&quot;green&quot;&gt;&lt;b&gt;Bereitstellung nach 2-3 Werktagen in der Informatik-Bibliothek, Stellingen&lt;/b&gt;&lt;/font&gt; &lt;a href=&quot;http://www.inf.uni-hamburg.de/inst/bib/&quot;&gt;&lt;/a&gt;</marc:subfield><marc:subfield code="x">0018</marc:subfield></marc:datafield><marc:datafield tag="954" ind1=" " ind2=" "><marc:subfield code="a">22</marc:subfield><marc:subfield code="b">603756840</marc:subfield><marc:subfield code="c">03</marc:subfield><marc:subfield code="f">18/269-x</marc:subfield><marc:subfield code="d">89.50 Pro</marc:subfield><marc:subfield code="e">z</marc:subfield><marc:subfield code="d"> 1995 250</marc:subfield><marc:subfield code="k">Standort : Bahrenfeld</marc:subfield><marc:subfield code="x">0018</marc:subfield></marc:datafield><marc:datafield tag="954" ind1=" " ind2=" "><marc:subfield code="a">22</marc:subfield><marc:subfield code="b">616804806</marc:subfield><marc:subfield code="c">04</marc:subfield><marc:subfield code="f">18/306</marc:subfield><marc:subfield code="d">DAT-S W 4</marc:subfield><marc:subfield code="e">g</marc:subfield><marc:subfield code="d">DAT-S Wal</marc:subfield><marc:subfield code="d">IfG Teßmer</marc:subfield><marc:subfield code="d">MPI Matthias</marc:subfield><marc:subfield code="k">Sonderstandort ausserhalb der Bibliothek</marc:subfield><marc:subfield code="x">0018</marc:subfield></marc:datafield><marc:datafield tag="954" ind1=" " ind2=" "><marc:subfield code="a">23</marc:subfield><marc:subfield code="b">343551713</marc:subfield><marc:subfield code="c">01</marc:subfield><marc:subfield code="f">27</marc:subfield><marc:subfield code="d">2767-3517</marc:subfield><marc:subfield code="x">0830</marc:subfield></marc:datafield><marc:datafield tag="954" ind1=" " ind2=" "><marc:subfield code="a">24</marc:subfield><marc:subfield code="b">096581875</marc:subfield><marc:subfield code="c">02</marc:subfield><marc:subfield code="f">8/62</marc:subfield><marc:subfield code="d">1.9 wal 1</marc:subfield><marc:subfield code="e">i</marc:subfield><marc:subfield code="x">0008</marc:subfield></marc:datafield><marc:datafield tag="954" ind1=" " ind2=" "><marc:subfield code="a">24</marc:subfield><marc:subfield code="b">239565339</marc:subfield><marc:subfield code="c">03</marc:subfield><marc:subfield code="f">8/60a</marc:subfield><marc:subfield code="d">WALL R-90481</marc:subfield><marc:subfield code="e">i</marc:subfield><marc:subfield code="d">Arbeitsgruppe Zentrale Dienste</marc:subfield><marc:subfield code="x">0008</marc:subfield></marc:datafield><marc:datafield tag="954" ind1=" " ind2=" "><marc:subfield code="a">31</marc:subfield><marc:subfield code="b">366627880</marc:subfield><marc:subfield code="c">01</marc:subfield><marc:subfield code="f">J 50</marc:subfield><marc:subfield code="d">INF:DD:2000:Perl:W187:1992</marc:subfield><marc:subfield code="e">d</marc:subfield><marc:subfield code="x">0027</marc:subfield></marc:datafield><marc:datafield tag="954" ind1=" " ind2=" "><marc:subfield code="a">40</marc:subfield><marc:subfield code="b">13639339X</marc:subfield><marc:subfield code="c">01</marc:subfield><marc:subfield code="f">LS1</marc:subfield><marc:subfield code="d">AHD 330:i = 95 A 3060</marc:subfield><marc:subfield code="e">u</marc:subfield><marc:subfield code="d">95 A 3060</marc:subfield><marc:subfield code="x">0007</marc:subfield></marc:datafield><marc:datafield tag="954" ind1=" " ind2=" "><marc:subfield code="a">40</marc:subfield><marc:subfield code="b">1413271421</marc:subfield><marc:subfield code="c">02</marc:subfield><marc:subfield code="f">7/028</marc:subfield><marc:subfield code="d">06 Wal</marc:subfield><marc:subfield code="e">i</marc:subfield><marc:subfield code="x">0007</marc:subfield></marc:datafield><marc:datafield tag="954" ind1=" " ind2=" "><marc:subfield code="a">65</marc:subfield><marc:subfield code="b">136545866</marc:subfield><marc:subfield code="c">01</marc:subfield><marc:subfield code="f">Ha 4</marc:subfield><marc:subfield code="d">MI 91-629</marc:subfield><marc:subfield code="e">u</marc:subfield><marc:subfield code="x">3/4</marc:subfield></marc:datafield><marc:datafield tag="954" ind1=" " ind2=" "><marc:subfield code="a">69</marc:subfield><marc:subfield code="b">390496979</marc:subfield><marc:subfield code="c">01</marc:subfield><marc:subfield code="f">UB 660</marc:subfield><marc:subfield code="d">660/ST 250 P30 W187</marc:subfield><marc:subfield code="e">u</marc:subfield><marc:subfield code="x">0009</marc:subfield></marc:datafield><marc:datafield tag="954" ind1=" " ind2=" "><marc:subfield code="a">130</marc:subfield><marc:subfield code="b">025618717</marc:subfield><marc:subfield code="c">01</marc:subfield><marc:subfield code="f">N</marc:subfield><marc:subfield code="d">TXK / Per / Wal</marc:subfield><marc:subfield code="e">u</marc:subfield><marc:subfield code="x">0700</marc:subfield></marc:datafield><marc:datafield tag="954" ind1=" " ind2=" "><marc:subfield code="a">130</marc:subfield><marc:subfield code="b">141958472</marc:subfield><marc:subfield code="c">02</marc:subfield><marc:subfield code="f">S-7</marc:subfield><marc:subfield code="d">4622-194 0</marc:subfield><marc:subfield code="e">g</marc:subfield><marc:subfield code="x">0700</marc:subfield></marc:datafield><marc:datafield tag="954" ind1=" " ind2=" "><marc:subfield code="a">160</marc:subfield><marc:subfield code="b">122516885</marc:subfield><marc:subfield code="c">01</marc:subfield><marc:subfield code="d">TXU / Wal</marc:subfield><marc:subfield code="e">c</marc:subfield><marc:subfield code="x">0755</marc:subfield></marc:datafield><marc:datafield tag="954" ind1=" " ind2=" "><marc:subfield code="a">160</marc:subfield><marc:subfield code="b">137488521</marc:subfield><marc:subfield code="c">02</marc:subfield><marc:subfield code="d">TXU / Wal</marc:subfield><marc:subfield code="e">u</marc:subfield><marc:subfield code="x">0755</marc:subfield></marc:datafield><marc:datafield tag="954" ind1=" " ind2=" "><marc:subfield code="a">160</marc:subfield><marc:subfield code="b">13748853X</marc:subfield><marc:subfield code="c">03</marc:subfield><marc:subfield code="f">RZ</marc:subfield><marc:subfield code="d">TXU / Wal</marc:subfield><marc:subfield code="e">g</marc:subfield><marc:subfield code="k">Hillebrand</marc:subfield><marc:subfield code="x">0755</marc:subfield></marc:datafield><marc:datafield tag="954" ind1=" " ind2=" "><marc:subfield code="a">164</marc:subfield><marc:subfield code="b">239815335</marc:subfield><marc:subfield code="c">01</marc:subfield><marc:subfield code="f">SZ</marc:subfield><marc:subfield code="d">IN Sp 002</marc:subfield><marc:subfield code="e">u</marc:subfield><marc:subfield code="k">1</marc:subfield><marc:subfield code="x">0916</marc:subfield></marc:datafield><marc:datafield tag="954" ind1=" " ind2=" "><marc:subfield code="a">164</marc:subfield><marc:subfield code="b">239815335</marc:subfield><marc:subfield code="c">04</marc:subfield><marc:subfield code="f">SZ</marc:subfield><marc:subfield code="d">IN Lir 008</marc:subfield><marc:subfield code="e">u</marc:subfield><marc:subfield code="x">0916</marc:subfield></marc:datafield><marc:datafield tag="954" ind1=" " ind2=" "><marc:subfield code="a">164</marc:subfield><marc:subfield code="b">1165284618</marc:subfield><marc:subfield code="c">50</marc:subfield><marc:subfield code="f">SUD</marc:subfield><marc:subfield code="d">IN Sp 002</marc:subfield><marc:subfield code="e">u</marc:subfield><marc:subfield code="k">Standort: Magazin. Bitte erkundigen Sie sich an der Ausleihtheke!</marc:subfield><marc:subfield code="x">0916</marc:subfield></marc:datafield><marc:datafield tag="954" ind1=" " ind2=" "><marc:subfield code="a">179</marc:subfield><marc:subfield code="b">09209984X</marc:subfield><marc:subfield code="c">01</marc:subfield><marc:subfield code="f">B4/HB/Akad.-Verw.</marc:subfield><marc:subfield code="d">HB/Akad.-Verw.</marc:subfield><marc:subfield code="e">g</marc:subfield><marc:subfield code="k">1996/10</marc:subfield><marc:subfield code="x">8306</marc:subfield></marc:datafield></marc:record>